2452 3208
732 194 1564 255 SELECTIORA
1933 215 2007 267 ss

1047 382 1272 436 XXX.

449 583 452 586 ‚
505 511 907 566 VIRTUTE
958 509 1477 565 SUPERATUR
1526 509 1819 562 DOLUS.

488 699 678 755 Eludit
716 701 901 756 virtus
937 714 1085 757 artes
1121 693 1275 758 heroa
1311 696 1522 768 dolofits.

560 792 880 866 Strenuaque
902 796 1161 850 immotum
1185 792 1379 848 dextra
1401 790 1616 845 revellit
1638 802 1777 864 opus.

462 936 508 986 Is
538 939 610 987 uti
635 918 776 988 facile
801 932 1056 1007 superatur
1080 950 1210 997 arte,
1253 938 1323 985 ita
1353 949 1558 1004 quoque
1590 937 1775 986 virtute
1800 928 1998 1002 supera-

499 1042 579 1080 tur
601 1024 763 1080 dolus,
806 1030 898 1081 Per
922 1033 1161 1082 virtutem
1188 1043 1357 1080 autem
1386 1024 1611 1099 intelligo
1651 1020 2004 1078 fortitudinem

309 1117 442 1171 illam
461 1163 472 1181 ‚
488 1139 598 1191 quae
624 1119 840 1195 prudens
857 1163 878 1185 ,
894 1121 1039 1175 fortis
1064 1139 1119 1174 ac
1133 1136 1416 1193 temperans
1432 1119 1517 1174 est.
1556 1117 1820 1173 Fortitudo
1834 1123 1964 1171 enim
1982 1160 1994 1179 ,

309 1210 345 1264 si
372 1210 575 1267 confilio
602 1212 831 1270 fulciatur
870 1201 1016 1290 (nam
1043 1212 1143 1268 sine
1169 1211 1372 1267 consilio
1400 1218 1591 1288 integra
1612 1231 1712 1266 non
1737 1212 1831 1284 est)
1855 1210 1998 1284 quid·

309 1310 386 1360 vis
409 1323 580 1360 contra
605 1325 829 1380 paratur,
871 1306 1055 1375 disjicit
1080 1322 1232 1378 atque
1257 1307 1508 1362 convellit.
1585 1312 1710 1381 Agis
1737 1311 1886 1381 igitur
1898 1303 2004 1358 scis-

308 1401 510 1462 citanti,
554 1416 683 1471 quot
696 1397 849 1455 essent
862 1398 1267 1454 Lacedaemonii?
1306 1399 1445 1477 Quot
1460 1400 1769 1469 fietisstmt,
1810 1403 1999 1469 inquit,

311 1486 385 1539 ad
396 1489 765 1560 propulsandos
790 1490 982 1544 malos:
1021 1486 1288 1542 ostendens
1313 1487 1489 1542 referre
1505 1532 1517 1551 ,
1559 1506 1711 1560 quam
1737 1480 1893 1541 fortes
1927 1491 2003 1541 vi-

310 1599 393 1634 ros
420 1581 619 1636 haberet
643 1589 846 1646 civitas,
888 1601 990 1635 non
1015 1600 1165 1652 quam
1199 1581 1408 1635 multos.
1487 1586 1657 1654 Magis
1694 1580 1793 1632 hoc
1831 1596 2000 1634 tamen

311 1672 564 1745 procedit,
605 1672 642 1727 fi
668 1679 820 1727 animi
844 1671 1189 1727 fortitudinem
1214 1673 1416 1745 spectes,
1469 1670 1721 1724 Robustus
1746 1675 1876 1725 enim
1892 1678 1999 1726 ani-

311 1784 425 1820 mus
451 1767 572 1820 nihil
607 1772 656 1819 in
696 1767 786 1820 hac
823 1773 926 1821 vita
963 1765 1288 1839 pertimescit,
1331 1784 1492 1836 neque
1532 1763 1728 1817 insidias
1768 1765 1994 1830 Diaboli,

311 1878 474 1931 neque
501 1859 748 1914 illecebras
764 1857 951 1913 mundi.
1029 1857 1287 1931 Qicquid
1301 1858 1490 1922 obstat,
1532 1857 1652 1911 nihil
1678 1883 1691 1923 ;
1730 1875 2022 1916 momento,

303 1936 579 2025 rnmpitur:

593 2078 755 2132 Invia
792 2078 993 2132 virtuti
1030 2078 1173 2133 nulla
1211 2077 1276 2149 est
1313 2079 1423 2133 via.

307 2200 444 2251 Hinc
471 2190 591 2247 illud
616 2194 798 2246 Graeci:

514 2311 651 2383 ἔμμε
671 2307 719 2365 δὲ
742 2315 790 2379 γ’
814 2313 1041 2380 ἐσόμεσθα
1063 2317 1240 2382 πολλῷ
1255 2312 1474 2385 κσίῤῥονες.

526 2422 641 2476 Nos
667 2422 985 2492 fortitudine
1006 2423 1294 2497 plurimum
1317 2417 1690 2496 praestabimus.

380 2560 646 2618 Fortitudo
671 2580 886 2634 namque
912 2567 1063 2616 animi
1089 2560 1369 2635 inexpiabili
1393 2558 1570 2634 proelio
1583 2553 1811 2612 adversus
1825 2561 1993 2609 onmia

308 2661 431 2712 vitia
454 2655 699 2712 decertat:
729 2654 918 2714 invicta
940 2652 1004 2710 ad
1027 2653 1220 2709 labores
1247 2697 1261 2716 ‚
1315 2653 1366 2708 ὃ(
1389 2650 1534 2707 sortis
1557 2648 1619 2705 ad
1646 2648 1883 2724 pericula,
1925 2653 1991 2701 ri-

1146 2749 1203 2800 H
1246 2767 1279 2799 2
1918 2744 1990 2813 gi·
