2452 3208
726 173 948 235 SEL
983 173 1553 237 E‘CTloRA
1928 185 1991 249 63

966 371 1020 424 x
1056 329 1201 425 x'x
1237 374 1260 424 1
1299 373 1337 424 1.

558 552 1080 610 FORTITUDo
1131 555 1380 609 Luc1s
1431 556 1761 622 INDIGA.
1851 543 1853 547 ‘

491 738 600 794 Nil
618 736 721 792 tibi
729 738 1024 810 strenuitas
1047 732 1330 792 temeraria
1354 758 1585 814 coecaqne
1595 736 1791 812 prostte

568 831 684 890 2AE
708 849 818 906 quae
842 830 1030 900 confilii
1052 830 1241 886 lumine
1268 831 1415 886 clara
1439 830 1602 887 videt.

251 1099 255 1103 ,
315 965 515 1104 VIS
539 1032 726 1089 consilii
745 1051 921 1110 expers
942 1033 1044 1108 ipsa
1070 1033 1156 1090 fibi
1180 1042 1357 1111 gravis,
1433 1039 1569 1090 Hinc
1594 1034 1714 1090 illud
1741 1034 1921 1091 Flacci:

831 1192 855 1203 -
930 1163 1051 1218 Non
1066 1164 1198 1234 solis
1220 1165 1430 1220 viribus
1453 1183 1648 1240 tequam

490 1254 712 1311 Credere
724 1276 747 1318 ;
771 1259 907 1330 fiepe
926 1257 1040 1310 acri
1049 1256 1226 1328 potior
1240 1255 1524 1331 prudentia
1545 1255 1751 1312 dextra.

305 1393 570 1452 Fortitudo
608 1413 824 1467 namque
861 1393 1152 1449 destruitur,
1192 1394 1280 1449 nifi
1319 1413 1408 1468 per
1445 1394 1704 1448 confilium
1742 1392 1998 1448 fulciatur:

306 1495 423 1561 quia
449 1507 549 1561 quo
574 1488 687 1561 plus
713 1489 759 1541 se
785 1486 923 1562 poffe
947 1488 1215 1562 conspicit,
1259 1507 1321 1542 eo
1349 1494 1506 1544 virtus
1532 1486 1633 1541 fine
1662 1486 2001 1541 moderamine

307 1583 515 1634 rationis
571 1577 790 1631 deterius
842 1583 892 1631 in
927 1596 1140 1650 praeceps
1195 1584 1308 1633 ruit.
1384 1576 1527 1648 Qid
1564 1576 1600 1631 fi
1651 1577 1731 1632 vel
1781 1578 2007 1651 Cyclops

304 1670 599 1727 exoculatus
635 1687 813 1723 manus
851 1661 1058 1742 quoque
1094 1670 1288 1725 versum
1316 1668 1578 1743 porrigat?
1618 1668 1738 1742 quid
1762 1669 1798 1723 s1
1821 1669 2007 1726 viribus

304 1762 484 1818 stolide
509 1761 652 1817 ferox
675 1769 844 1816 omnia
870 1779 1030 1817 tentet
1057 1761 1235 1835 absque
1250 1762 1442 1830 judicio
1476 1762 1500 1818 ’.ὶ
1540 1763 1812 1834 Strepitum
1846 1763 1899 1817 hi
1923 1784 2005 1820 ex-

303 1863 486 1920 citant,
529 1855 650 1910 nihil
673 1854 892 1912 efficiunt
923 1899 936 1920 ,
975 1873 1332 1929 nonnunquam
1367 1856 1416 1909 ὅ(
1459 1871 1686 1929 pereunt.
1765 1855 1914 1911 Unde
1950 1859 2001 1912 &

306 1950 557 2017 Juvenalis
572 1976 584 2005 ε

830 2124 849 2133 -
924 2094 1143 2148 Viribus
1166 2095 1257 2147 ille

486 2185 711 2256 Confistts
721 2187 892 2259 periit
914 2186 1327 2262 admirandisque
1351 2187 1581 2246 lacertis.

305 2373 483 2443 Neque
506 2374 636 2422 enim
663 2386 872 2441 corpora
896 2370 1159 2426 vastiffima
1175 2418 1186 2436 ‚
1228 2390 1387 2446 neque
1400 2378 1644 2426 exereitus
1667 2371 1989 2428 numerofiffi·

304 2479 419 2518 mus
444 2467 705 2536 quicquam
729 2463 920 2527 valent,
949 2465 1037 2520 nisi
1049 2465 1255 2521 confilio
1281 2484 1538 2542 regantur:
1579 2481 1721 2520 tanto
1743 2471 1901 2540 magis
1926 2465 1989 2520 fi-

305 2550 356 2604 bi
381 2556 431 2604 in
455 2553 746 2622 perniciem,
787 2569 975 2625 quanto
999 2561 1158 2631 magis
1182 2556 1266 2610 sua
1301 2556 1434 2610 mole
1457 2570 1757 2629 premantur.
1831 2555 1991 2608 Caete-

303 2662 416 2699 rum
441 2661 742 2720 quaecunque
768 2645 971 2705 tandem
1006 2649 1197 2726 speeies
1212 2695 1226 2717 ,
1251 2648 1376 2707 nihil
1400 2656 1454 2708 in
1477 2649 1570 2707 hac
1602 2655 1706 2708 vita
1728 2646 1989 2704 confistere

1824 2740 1993 2819 potest
