2452 3208
1851 136 1969 210 Pag.
2009 154 2040 204 ,κ

491 286 1882 438 EMBLEMATA

338 564 2022 677 SELECTIORA

1147 831 1184 881 I.

616 957 945 1011 TUTAM
996 959 1117 1010 ME
1169 956 1430 1010 COPIA
1481 956 1751 1012 FECIT.

524 1139 588 1192 In
613 1137 771 1192 medio
796 1139 924 1192 luxu
937 1141 1176 1205 steteram
1202 1138 1380 1213 degere
1404 1140 1573 1193 vitam
1587 1156 1609 1199 ,·

592 1230 720 1284 Haec
729 1229 884 1303 stqua
905 1231 959 1283 in
983 1229 1174 1294 terris,
1215 1227 1335 1285 vita
1358 1231 1508 1287 beata
1520 1229 1646 1284 mihi
1668 1231 1750 1302 est.

434 1382 455 1431 I
492 1384 708 1451 cuipiam
744 1385 1034 1453 contingat,
1072 1376 1193 1431 dum
1233 1396 1309 1432 res
1345 1377 1562 1434 secundae
1600 1377 1712 1431 sunt
1738 1421 1750 1441 ‚
1792 1391 2022 1450 pacatam

471 1487 622 1542 atque
663 1471 978 1542 tranquillam
1028 1477 1187 1527 vitam
1237 1473 1415 1547 degere
1444 1515 1455 1534 ‚
1509 1489 1610 1524 non
1649 1467 1721 1522 est
1768 1466 2024 1541 profe&0‚

342 1562 481 1637 quod
521 1561 607 1616 fibi
644 1561 861 1634 amplius
901 1561 929 1613 ὲ
969 1565 1083 1616 Deo
1108 1562 1383 1637 petendum
1411 1567 1461 1614 in
1487 1565 1627 1614 tertis
1650 1573 1811 1632 putet.
1863 1560 2026 1624 Nam,

342 1672 401 1709 ut
438 1661 510 1708 ait
550 1656 761 1716 Cicer0,
802 1654 939 1707 nihil
970 1656 1159 1708 homini
1196 1656 1362 1728 magis
1398 1651 1694 1726 optandum,
1735 1668 1886 1722 quam
1896 1663 2022 1723 pro·
2028 1653 2207 1751 ἱζῖῼνέἶ

327 1752 487 1822 spera
502 1791 514 1809 ,
555 1746 797 1819 aeqttalis,
827 1746 1184 1819 perpetua'que
1208 1749 1432 1816 fortuna
1447 1789 1459 1807 ‚
1503 1743 1720 1812 st’czmdo
1758 1744 1888 1795 vitae
1910 1743 2021 1810 stne
2037 1763 2123 1790 tum.
2206 1742 2210 1748 '

336 1843 445 1896 ulla
484 1837 737 1911 offinfione
774 1837 936 1904 curfic.
1011 1838 1211 1889 Tamen
1236 1856 1350 1890 cum
1374 1835 1495 1890 illud
1519 1836 1662 1908 plane
1685 1835 1909 1889 divinum
1936 1833 2024 1899 fit,

334 1933 483 1988 rebus
523 1936 730 1985 omnino
771 1948 873 1983 non
912 1934 1143 1985 moveri,
1194 1949 1284 1983 nec
1320 1936 1588 2002 quicquam
1641 1927 1726 1981 fibi
1764 1927 2022 1983 adversum

335 2032 471 2099 pati,
512 2018 854 2092 tranquillam,
895 2018 1128 2083 felicem,
1167 2037 1320 2093 atque
1358 2021 1575 2074 securam
1613 2025 1770 2075 vitam
1796 2025 1837 2072 is
1874 2018 2028 2093 dege-

337 2131 388 2168 re
415 2112 545 2165 reike
571 2109 789 2171 dicetur,
832 2114 919 2180 qui
957 2108 1139 2162 nullius
1176 2110 1294 2163 mali
1329 2109 1416 2164 fibi
1454 2108 1676 2163 conscius
1705 2153 1716 2171 ‚
1758 2108 1805 2162 se
1843 2111 2028 2180 suaque

339 2209 508 2257 omnia
534 2202 602 2256 illi
627 2207 930 2264 committit,
971 2208 1058 2274 qui
1085 2209 1228 2258 novit
1253 2203 1352 2257 suis
1377 2202 1647 2257 cultoribus
1673 2221 1889 2276 congrue
1913 2220 2025 2274 pro-

335 2293 503 2346 futura
528 2292 758 2365 praestare.
834 2292 1042 2347 Felicem
1085 2313 1202 2348 vero
1245 2301 1331 2366 qui
1369 2294 1416 2348 se
1445 2296 1629 2364 jastet‚
1672 2293 1810 2367 quod
1837 2293 2025 2347 deliciis

338 2385 537 2448 affluat,
579 2405 692 2439 cum
732 2392 928 2440 interim
956 2405 1215 2460 peccatum
1256 2389 1316 2443 fit
1353 2396 1401 2442 in
1441 2391 1763 2449 conscientia3
1803 2389 1852 2441 8(
1885 2389 2022 2443 secu-

337 2497 473 2541 rum,
515 2480 653 2551 quod
677 2478 761 2533 fibi
786 2480 846 2533 ab
870 2481 978 2534 aliis
1004 2482 1123 2534 nihil
1150 2488 1350 2545 timeat,
1393 2503 1507 2537 cum
1545 2484 1622 2538 vel
1648 2504 1676 2536 a
1700 2482 1746 2535 sc
1773 2481 1877 2554 ipso
1903 2482 2020 2536 satis

331 2571 515 2627 habeat
553 2571 862 2636 timendum,
905 2579 946 2627 is
985 2572 1212 2647 profesto
1251 2574 1371 2629 mihi
1413 2595 1515 2629 non
1556 2575 1718 2647 sapere
1752 2573 1834 2628 sed
1873 2574 2018 2647 plane

1206 2671 1255 2719 A
1893 2662 2019 2718 defi-
