2452 3208
963 4 991 11 ὀ

737 150 1568 212 SELECTJORA.
1926 174 1996 224 25

1027 395 1274 448 XIII.

377 557 853 614 ‚FERTILIOR
910 558 1195 640 IMBRE.
1231 553 1617 610 RIGATUS
1667 555 1911 611 AGER.

492 740 705 794 Irrorat
730 750 909 793 terras
920 737 1108 811 pluvio
1146 737 1264 793 dum
1302 738 1521 811 Jupiter
1560 735 1756 801 imbre,

564 841 672 896 Nil
703 861 797 896 non
837 845 890 897 in
930 845 1096 898 terris
1122 845 1422 916 ft’rtilitate
1459 845 1618 918 viget.

474 1038 695 1088 Ocemut
721 1036 880 1090 isthoc
905 1037 1229 1101 emblemate,
1272 1038 1526 1092 hominem
1545 1079 1556 1097 ,
1599 1052 1882 1105 quanquam
1912 1051 2000 1107 per

510 1125 557 1179 se
584 1130 783 1198 ineptus
810 1125 868 1180 sit
892 1126 954 1180 ad
986 1127 1203 1190 bonum,
1248 1143 1442 1188 tamen,
1485 1143 1599 1178 cum
1627 1129 1850 1196 irrigetur
1886 1141 1997 1177 rore

308 1219 491 1274 coelesti
520 1263 531 1280 ‚
573 1218 847 1273 uberrimos
898 1220 1042 1275 edere
1081 1220 1288 1274 ftucs'cus.
1369 1223 1504 1272 Hinc
1553 1217 1673 1272 illud
1724 1214 1995 1288 Apostoli:

314 1313 502 1366 Omnia
530 1315 717 1384 poffitm
741 1326 846 1385 per
885 1331 994 1365 enm
1021 1313 1109 1384 qui
1132 1315 1208 1364 me'
1238 1313 1423 1383 gratia
1446 1311 1734 1379 coufortat:
1774 1312 1866 1361 Per
1890 1327 1998 1382 gra-

310 1410 434 1459 tiam
458 1421 627 1458 autem
656 1405 977 1479 intelligimus
1013 1410 1179 1476 primo
1218 1408 1314 1457 Dei
1350 1403 1571 1458 favorem
1610 1424 1666 1458 ac
1701 1400 2001 1455 benevolen-

306 1504 460 1558 tiam,
505 1515 568 1549 ex
604 1516 702 1568 qua
726 1495 986 1550 benefacit.
1067 1497 1186 1548 Non
1211 1494 1351 1566 quod
1376 1494 1582 1549 affectus
1607 1494 1785 1565 aliquis
1814 1498 1863 1545 in
1890 1496 2003 1544 Deo

311 1592 478 1661 locum
504 1589 709 1652 habeat,
750 1589 829 1643 vel
865 1586 1069 1643 affeff'cus
1102 1588 1398 1662 analogum,
1440 1589 1521 1642 sed
1560 1608 1622 1641 ex
1660 1584 1846 1641 effectis
1887 1589 2001 1638 Deo

314 1686 584 1754 improprie
619 1680 886 1736 tribuatur:
927 1700 1030 1752 quo
1054 1680 1190 1734 sensu
1214 1686 1367 1754 gratia
1392 1680 1442 1732 8<
1475 1678 1698 1732 debitum
1737 1696 1999 1751 opponun-

311 1790 406 1827 tur.
486 1770 683 1824 Deinde
735 1769 971 1844 significat
1008 1776 1174 1844 gratiae
1213 1768 1446 1823 effectum
1486 1775 1534 1821 in
1573 1769 1761 1830 nobis:
1805 1768 1996 1822 donum

308 1863 693 1938 Euangelicum‚
735 1863 998 1936 praesertim
1036 1863 1256 1918 salutare.
1331 1867 1561 1934 Denique
1599 1866 1707 1929 ejus
1745 1859 1995 1913 abundan-

305 1963 429 2011 tiam
466 1955 753 2010 intenfivam
810 1957 859 2009 &
900 1953 1221 2010 extenfivam.
1301 1959 1487 2010 Omnia
1537 1954 1799 2023 conjuncta
1848 1951 1995 2005 habet

307 2051 495 2102 Lucas:
536 2048 652 2101 ‘Per
675 2049 881 2118 vistera
918 2047 1278 2117 mistricordiae
1316 2047 1431 2101 ‘Dei
1471 2045 1657 2117 nostri,
1697 2043 1880 2119 quibus
1905 2062 1994 2096 nos
2016 2067 2145 2112 capa.

303 2137 547 2200 vifftavit
586 2138 757 2191 oriens
794 2156 860 2191 ex
897 2138 1018 2191 alto.
1095 2139 1217 2191 Vox
1238 2153 1408 2191 autem
1429 2136 1625 2208 sumpta
1647 2135 1898 2189 latiffime,
1937 2152 1993 2189 ut
2016 2113 2173 2162 verſs7s.

305 2237 477 2285 omnia
499 2230 918 2304 comprehendat,
960 2249 1070 2304 quae
1094 2231 1350 2295 diximus,
1389 2228 1992 2284 &Deiamorem&d011a

309 2322 634 2396 Euangelica,
673 2342 766 2398 pro
806 2330 997 2377 ratione
1037 2323 1412 2397 dispensationis
1447 2322 1623 2378 divinae
1663 2322 1747 2376 sub
1775 2325 1838 2377 N.
1863 2341 1992 2375 nunc

307 2415 638 2471 Testamento
665 2461 677 2480 ‚
731 2434 882 2470 omne
932 2416 1053 2470 illud
1102 2417 1449 2491 complectitur
1477 2463 1489 2481 ,
1542 2415 1681 2490 quod
1731 2415 1989 2469 hominem

306 2527 482 2584 aptum
516 2531 573 2564 ac
606 2509 842 2564 idoneum
868 2508 1029 2565 reddit
1053 2517 1112 2565 iis
1137 2510 1467 2585 producendis
1504 2509 1767 2570 fru&ibu3‚
1807 2507 1990 2580 quibus

308 2606 424 2658 Deo
465 2619 634 2678 gratus
660 2603 709 2656 &
732 2618 993 2677 accethS‚
1036 2604 1239 2659 tandem
1273 2604 1540 2678 aliquando
1574 2601 1899 2674 consequatur
1938 2600 1987 2653 id

1144 2700 1194 2750 D
1806 2694 1983 2768 ipsum,
