2452 3208
393 184 463 222 10
825 159 1645 221 EMBLEMATA

390 293 586 363 imperii
612 291 838 342 terminis
852 287 1340 346 circumscribendam
1357 335 1369 355 ‚
1409 290 1492 345 secl
1507 292 1555 345 ἃ
1569 291 1793 366 undique
1808 291 1957 370 longe
1972 294 2091 351 late-

392 401 492 455 que
504 380 567 435 ad
584 380 829 434 finitimos
842 381 1064 455 populos
1077 381 1126 437 di
1134 401 1432 455 manantem.
1449 383 1718 440 Trifariam
1734 404 1852 441 vero
1868 393 1942 442 uti
1970 388 2090 444 lice-

394 474 468 527 bit
482 474 578 526 hoc
591 474 889 530 ProverbiO:
929 481 1150 549 primum
1177 477 1213 533 si
1229 478 1431 551 quando
1446 477 1827 555 admonebimur
1844 524 1855 542 ‚
1897 479 2092 535 diutius

397 565 768 621 deliberandum
785 612 797 631 ‚
842 587 995 640 quam
1019 570 1364 644 aggrediamur
1399 577 1664 646 negocium
1696 599 1707 627 ε
1760 572 2092 645 posteaquam

396 657 664 712 statuimus
680 703 692 722 ,
734 676 845 713 tum
859 658 1095 716 velociter
1120 663 1485 739 peragendum:
1527 683 1643 717 nam
1657 679 1713 716 ut
1741 663 1803 716 ad
1816 664 2095 719 consultan-

397 750 448 805 di
463 772 657 808 moram
672 759 916 827 pertineat
928 774 1106 811 ancora
1122 802 1134 821 ‚
1177 763 1247 812 ita
1260 758 1322 812 ad
1336 757 1629 812 conficiendi
1655 758 1961 811 celeritatem
1988 756 2093 811 del-

396 845 596 920 phitius,
637 851 756 901 Huc
769 854 987 922 pertinet
1012 850 1134 905 illud
1148 851 1496 907 Sallustianum
1512 880 1523 908 :
1537 852 1832 926 Antequam
1846 852 2097 926 incipias,
2125 869 2129 873 ’

399 941 649 1011 consz'zlto:
691 941 745 998 ΕΞ
770 941 854 996 nbi
881 945 1231 1015 consttlueris,
1266 959 1467 1002 mature
1489 947 1641 1017 fafft‘o
1676 960 1798 1019 opus
1823 945 1902 1018 est.
1952 946 2099 1002 Alter

397 1031 664 1105 usurpandi
677 1032 863 1089 modus
878 1039 970 1088 erit
986 1079 998 1097 ‚
1013 1054 1126 1089 cum
1143 1032 1523 1092 admonebimur
1534 1036 1741 1092 affeffitus
1755 1040 1908 1089 animi
1924 1080 1936 1098 ,
1953 1035 2095 1090 velu-

396 1129 436 1177 ti
465 1131 672 1179 rationis
698 1126 900 1182 habenis
928 1129 1270 1202 reprimendos
1286 1127 1395 1186 esse.
1437 1130 1696 1203 Siquidem
1709 1131 1854 1184 Plato
1870 1136 2097 1186 animum

395 1217 618 1273 hominis
645 1225 695 1274 in
708 1223 808 1274 tres
820 1227 1032 1294 partitus
1056 1239 1223 1295 partes
1239 1268 1250 1286 ‚
1277 1229 1521 1278 rationem
1539 1268 1550 1287 ,
1570 1222 1871 1277 iracundiam
1889 1268 1901 1286 ‚
1919 1242 2100 1277 concu-

397 1311 684 1384 piscentiam
702 1358 714 1376 ‚
755 1319 804 1366 in
832 1312 932 1366 hoc-
955 1312 1542 1387 Philosophiaesummam
1569 1314 1712 1369 fitam
1728 1311 1824 1369 effe
1839 1332 1988 1388 putat
2004 1360 2016 1378 ‚
2061 1314 2097 1370 si

398 1397 605 1456 affeffitus
617 1419 821 1475 pareant
836 1409 1016 1457 rationi
1041 1424 1142 1458 non
1155 1404 1295 1459 aliter
1309 1426 1459 1479 quam
1476 1412 1575 1481 regi
1592 1433 1602 1460 :
1644 1410 1723 1458 cui
1738 1402 1942 1476 quidem
1960 1404 2025 1457 ob
2044 1403 2096 1457 id

399 1495 560 1567 ipsum
574 1495 802 1550 sedemin
816 1497 1015 1551 cerebro
1035 1542 1046 1560 ,
1086 1500 1287 1554 velutin
1300 1521 1408 1555 arce
1421 1500 1595 1554 datum
1612 1500 1878 1554 existimat.
1917 1499 2097 1551 Tertia

398 1588 575 1642 utendi
605 1595 733 1643 ratio
748 1595 867 1645 erit,
904 1611 1017 1644 cum
1033 1591 1414 1647 admonebimur
1430 1637 1441 1656 ,
1484 1600 1686 1647 inomni
1712 1596 1918 1665 negotio
1937 1597 2102 1645 vitan-

397 1680 514 1735 dam
539 1688 841 1755 praecipitem
857 1684 1160 1738 celeritatem
1179 1712 1193 1750 3
1232 1685 1372 1757 quod
1387 1692 1568 1739 vitium
1585 1684 1878 1757 quibusdam
1893 1689 2103 1760 ingeniis

397 1775 710 1850 ⁷peculiariter
735 1776 936 1829 insitum
961 1778 1060 1840 est,
1103 1795 1161 1831 ut
1188 1780 1283 1831 illis
1309 1786 1358 1831 in
1385 1785 1523 1831 omni
1563 1799 1614 1833 re
1653 1778 2100 1851 quantulacunque

401 1889 543 1923 mora
593 1870 743 1944 longa
794 1869 1039 1924 videatur.
1122 1871 1428 1940 Hujusmodi
1492 1872 1823 1928 festinationis
1884 1878 2101 1926 comites

402 1961 499 2018 effe
523 1961 682 2016 solent
709 1982 842 2016 error
868 1964 916 2016 ὃ(
944 1971 1238 2039 poenitentia
1255 1970 1402 2033 juxta
1425 1966 1721 2022 verficulum
1738 1965 1883 2045 'apud
1898 1969 2098 2023 Graecos
2136 2007 2138 2011 -

403 2055 674 2111 celebrem:

551 2136 791 2204 {maltis
828 2152 1074 2206 malorum
1112 2155 1263 2223 cansa
1301 2153 1366 2224 est
1391 2157 1804 2229 praecipitantia..

405 2247 506 2298 His
520 2244 846 2298 occinendum
863 2245 1025 2299 nobile
1041 2246 1159 2300 illud
1176 2250 1386 2302 Catonis
1412 2248 1625 2304 dicdum:
1667 2250 1763 2304 Sat
1789 2252 1889 2305 cito
1906 2296 1917 2314 ,
1943 2250 2099 2320 ststzt

405 2336 554 2391 bene:
593 2343 736 2406 cujus
758 2345 1068 2394 mentionem
1092 2338 1210 2394 fecit
1234 2340 1380 2396 divus
1404 2348 1608 2396 Hieron.
1629 2343 1838 2398 scribens
1863 2344 1927 2399 ad
1951 2349 2100 2399 Pam-

403 2431 832 2488 machiuminhaec
845 2435 1017 2490 Verba:
1060 2434 1485 2509 Scirumcstz‘llnd
1510 2456 1701 2512 qnoque
1717 2439 1964 2493 Catonis:
2002 2440 2100 2494 Sat

404 2527 533 2588 cite,
559 2524 717 2594 stsat
742 2526 896 2592 bene,
937 2529 1072 2604 quod
1092 2550 1183 2584 κω·
1207 2531 1456 2605 quondam
1494 2533 1853 2602 adolestentuli
1869 2577 1881 2596 ,
1923 2552 2037 2588 cum
2059 2534 2102 2588 ιὶ

396 2621 626 2694 perfhao
639 2634 841 2679 oratore
867 2626 922 2679 in
933 2626 1344 2701 praefatiuncula
1370 2626 1659 2692 diceretur,
1698 2627 1913 2700 rzfimus.

1831 2717 1924 2771 VI.
1963 2717 2099 2772 ME-
