2452 3208
739 142 1572 206 SELECTIORA
1963 172 1998 222 9

1117 279 1185 333 V.

502 370 801 425 LENTO
841 373 1140 426 GRADU
1191 373 1404 425 ITUR
1456 373 1798 427 SECURE.

450 481 654 551 Festina
680 485 828 539 lente.
871 483 966 537 Cui
981 497 1216 557 praeceps
1230 482 1435 556 profitit
1462 502 1682 557 unquam

532 558 764 629 Curfits?
802 570 860 611 at
886 560 1156 613 interitum
1168 559 1362 631 stepius
1387 557 1476 611 ille
1500 558 1656 614 dedit.

423 663 726 720 Roverbium
755 663 867 726 hoc,
886 664 1088 736 Festina
1102 665 1235 719 lente
1253 707 1263 725 ‚
1282 683 1380 717 non
1395 662 1703 718 invenustam
1721 669 1994 738 aenigmatis

420 754 631 828 speciem
655 773 750 827 prae
773 754 821 807 se
847 752 969 807 fert:
1010 769 1272 827 propterea
1296 751 1436 825 quod
1462 751 1656 807 constat
1680 753 1838 808 verbis
1866 759 1993 809 inter

302 849 400 904 sese
428 847 779 923 pugnantibus,
814 849 936 901 Vim
951 863 1121 900 autem
1148 848 1197 900 ὃ(
1222 846 1515 900 sententiam
1531 847 1792 902 sraestimes
1807 894 1818 912 ,
1837 868 1990 922 quam

301 941 406 996 haec
429 959 531 995 tam
546 941 824 996 circumcisa
841 959 1022 996 vocum
1049 940 1264 996 brevitas
1292 947 1340 994 in
1353 940 1399 995 se
1414 940 1795 1014 compleffiitur,
1833 958 1986 1012 quam

306 1037 366 1092 sit
381 1035 606 1090 foecunda
626 1081 637 1098 ‚
679 1055 827 1108 quam
844 1041 1003 1110 gravis
1022 1080 1033 1098 ‚
1074 1054 1226 1107 quam
1238 1034 1459 1089 salutaris
1476 1080 1487 1098 ,
1531 1054 1681 1106 quam
1708 1034 1770 1088 ad
1785 1051 1989 1089 omnem

301 1138 416 1187 vitae
444 1137 687 1185 rationem
716 1131 811 1184 late
839 1148 1050 1204 parem,
1094 1127 1319 1201 profecto
1344 1127 1484 1182 facile
1510 1126 1762 1184 decesseris
1790 1136 1838 1183 in
1864 1129 1990 1184 hanc

299 1225 617 1286 sententiam,
660 1241 718 1279 ut
747 1230 795 1277 in
823 1241 964 1277 tanto
992 1224 1372 1279 proverbiorum
1389 1243 1596 1278 numero
1613 1241 1714 1277 non
1740 1224 1987 1280 arbitreris

303 1320 458 1374 ullum
474 1316 606 1371 aliud
623 1314 717 1371 esse
730 1318 932 1392 perinde
946 1317 1181 1393 dignum,
1223 1316 1363 1389 quod
1379 1314 1611 1372 omnibus
1636 1318 1878 1372 incidatur
1902 1340 1988 1373 co·

300 1412 510 1465 lumnis·
549 1410 687 1483 quod
702 1430 793 1484 pro
810 1410 1064 1484 temoloru
1068 1431 1114 1463 m
1132 1414 1361 1463 omnium
1376 1406 1563 1465 foribus
1578 1410 1898 1471 describatur
1938 1413 1990 1466 ’ὃς

300 1505 504 1578 quidem
518 1511 676 1576 aureis
695 1511 857 1561 notis:
899 1504 1036 1576 quod
1054 1510 1100 1557 in
1126 1505 1706 1578 principaliumaularum
1724 1507 1876 1562 valvis
1906 1506 1990 1561 de-

299 1606 556 1672 pingatur:
597 1597 737 1669 quod
751 1602 1040 1669 primatium
1058 1597 1356 1669 insculpatur
1368 1598 1586 1653 annuliS:
1629 1599 1763 1669 quod
1780 1604 1923 1672 regiis
1939 1604 1988 1652 in

299 1690 499 1764 sceptris
513 1696 820 1762 exprimatur
836 1724 848 1743 ‚
863 1689 1075 1759 denique
1091 1688 1228 1758 quod
1243 1690 1474 1743 omnibus
1490 1692 1671 1762 ubique
1688 1709 1984 1745 monumen-

296 1790 361 1837 tis
380 1781 774 1855 repraesentetur,
793 1796 1122 1853 propagetur,
1151 1780 1199 1831 ὃ(
1214 1779 1496 1834 celebretur.
1541 1788 1740 1836 Etenim
1759 1829 1769 1846 ,
1788 1790 1860 1837 uti
1877 1803 1984 1836 mo-

291 1873 481 1942 lajusto
495 1872 716 1926 velocius
741 1871 1033 1924 circumacta
1050 1915 1061 1933 ,
1101 1869 1243 1925 facile
1267 1873 1494 1926 flammas
1519 1880 1760 1948 concipit:
1803 1881 1870 1929 ita
1896 1880 1985 1948 qui

296 1973 504 2021 nimium
521 1963 742 2026 festinat,
785 1983 990 2037 operam
1006 1964 1125 2037 saepe
1150 1963 1324 2037 perdit.
1365 1972 1615 2040 Imprimis
1643 1975 1877 2043 principis
1904 1974 1983 2027 vel

289 2058 439 2113 semel
454 2063 816 2130 praecipitatum
844 2045 1101 2111 consilium
1120 2102 1131 2120 ‚
1174 2062 1341 2112 Deum
1369 2061 1729 2122 immortalem!
1768 2082 1980 2135 quantas

292 2151 616 2224 tempestates
641 2167 999 2220 nonnunquam
1013 2154 1221 2213 excitat,
1250 2168 1460 2222 quantas
1475 2172 1635 2207 rerum
1650 2154 1977 2211 humanarum

292 2250 455 2298 ruinas
468 2243 629 2297 secum
644 2242 822 2297 trahit:
840 2261 953 2295 cum
968 2258 1139 2295 contra
1155 2250 1413 2299 maturitas
1428 2245 1653 2318 quaedam
1667 2267 1723 2300 ac
1750 2246 1976 2300 modera-

289 2340 393 2396 ti0‚
436 2333 577 2387 simul
602 2353 664 2388 cx
689 2333 940 2408 vigilantia
977 2333 1349 2407 lenitudineque
1386 2353 1686 2414 temperata,
1731 2355 1787 2391 ut
1812 2357 1973 2411 neque

291 2444 379 2499 per
391 2433 724 2493 temeritatem
739 2432 1004 2499 quicquam
1028 2426 1173 2483 faciat
1188 2431 1532 2502 poenitendum
1550 2477 1561 2495 ‚
1606 2449 1763 2502 neque
1778 2450 1863 2503 per
1888 2430 1967 2484 so-

287 2519 508 2573 cordiam
533 2527 800 2594 quicquam
825 2539 1081 2596 praetereat
1098 2568 1109 2586 ,
1151 2523 1291 2595 quod
1318 2523 1381 2578 ad
1409 2526 1615 2598 Reipub.
1641 2524 1968 2578 commodum

291 2615 534 2683 pertinere
559 2611 786 2668 videatur
801 2656 812 2675 ‚
851 2611 1137 2669 felicitatem
1159 2613 1374 2678 adferat,
1415 2614 1549 2670 haud
1573 2634 1824 2688 quaquam
1849 2610 1967 2687 ipsis

1145 2691 1183 2741 B
1877 2695 1965 2742 im-
