2452 3208
745 115 1590 183 SELECTIOR‘A..
1957 149 2072 204 ⁷³.

945 317 1000 370 X
1036 316 1093 370 X
1129 315 1184 372 X
1220 315 1275 370 V
1312 320 1336 371 1
1374 319 1413 373 1.

576 442 1118 501 CONTENTIO
1165 446 1469 503 AUGET
1520 446 1784 507 VIRES.

508 625 748 683 Exacuit
787 627 1002 683 validas
1039 630 1186 686 acris
1222 632 1476 688 contentio
1511 632 1663 688 vires
1676 674 1700 697 ,

583 721 831 799 Quodque
868 724 981 777 ruit
1004 736 1281 798 praeceps,
1305 724 1514 795 fortius
1551 726 1705 797 usque
1740 725 1867 781 ruit.

485 899 700 957 Thletas
723 899 956 956 videmus
982 901 1166 974 quibus
1178 905 1360 958 virium
1382 922 1499 958 cura
1511 901 1585 958 est
1600 947 1613 966 ,
1628 922 1741 957 cum
1755 902 2028 959 fortiffimis

522 990 797 1065 quibusque
820 992 1114 1067 confligere:
1153 998 1348 1068 exigere
1371 993 1523 1048 abhis
1547 1012 1634 1067 per
1645 1011 1777 1066 quos
1801 1000 2027 1050 certami-

330 1087 381 1136 ni
407 1099 769 1156 praeparantur,
808 1099 866 1136 ut
894 1089 1019 1138 totis
1044 1098 1216 1137 contra
1255 1082 1392 1156 ipsos
1431 1083 1617 1138 viribus
1639 1100 1868 1147 utantur,
1910 1084 1959 1137 ὃ(
1984 1082 2019 1140 fi

330 1194 435 1230 non
458 1180 711 1230 inveniant
737 1172 956 1249 singulos
979 1193 1149 1250 pates,
1193 1174 1416 1248 pluribus
1439 1174 1585 1229 fimul
1598 1173 1907 1244 objiciuntur.
1950 1178 2024 1231 Ut

328 1275 465 1323 enim
489 1268 661 1342 palmae
683 1268 870 1323 arboris
891 1288 1059 1324 ramus
1083 1268 1323 1342 imposito
1360 1286 1510 1321 onere
1543 1287 1646 1322 non
1670 1269 1935 1324 insseffitur
1971 1275 2024 1325 in

243 1374 245 1377 ·
330 1375 512 1414 terram
536 1375 820 1414 caeteratum
848 1379 1017 1424 more3
1054 1359 1138 1413 sed
1164 1364 1393 1414 renititut
1417 1358 1614 1412 &ultro
1628 1358 1858 1413 adversus
1881 1360 2022 1414 sarci-

330 1469 402 1507 nae
425 1449 623 1523 pondus
647 1457 791 1526 erigit
812 1451 939 1518 sese3
979 1457 1048 1506 ita
1061 1471 1266 1524 quoque
1289 1450 1550 1506 viti-fortis
1574 1471 1632 1505 ac
1647 1450 1786 1523 probi
1803 1457 2018 1514 animuS,

330 1562 437 1616 quo
460 1543 573 1615 plus
599 1550 814 1618 negotiis
841 1549 1117 1618 premitur,
1157 1562 1326 1617 quove
1348 1548 1507 1618 magis
1519 1542 1718 1597 fortuna
1743 1544 1900 1607 saevit‚
1928 1544 2026 1600 hoc

329 1636 404 1691 est
425 1636 647 1694 erectior.
723 1642 795 1691 Ea
827 1656 1043 1710 namque
1066 1642 1269 1692 virtutis
1282 1635 1355 1690 est
1369 1651 1568 1697 natura,
1610 1651 1698 1698 ut,
1738 1634 1825 1689 nisl
1849 1635 2024 1691 advet-

324 1729 433 1786 sum
460 1730 582 1803 quid
607 1729 691 1785 fibi
719 1731 925 1794 habeat,
954 1737 1184 1805 protinus
1198 1729 1492 1806 languescat.
1530 1719 1633 1782 Ubi
1658 1747 1776 1783 vero
1801 1727 2023 1785 adversa-

324 1829 453 1879 rium
479 1825 620 1879 nasta
646 1824 732 1889 fit,
775 1842 918 1880 tanto
954 1830 1115 1880 acrius
1152 1823 1412 1877 contendit
1437 1866 1450 1885 ‚
1490 1839 1682 1894 quanto
1709 1826 1894 1890 majora
1930 1820 2018 1878 fibi

323 1924 511 1976 invenit
537 1917 908 1990 impedimenta.
987 1922 1122 1972 Hinc
1147 1915 1359 1970 dicimus
1383 1915 1684 1988 probitatem
1710 1921 1910 1970 excitari
1936 1935 2019 1972 re-

318 2010 412 2064 bus
437 2008 664 2066 advenis,
741 2010 892 2064 Unde
918 2011 968 2063 &
992 2009 1112 2064 illud
1139 2011 1357 2064 Senecae:
1410 2006 1664 2063 &Marcet
1689 2007 1795 2075 stne
1819 2008 2012 2064 adver-

311 2105 459 2175 stzrio
481 2105 678 2158 virtus.
717 2090 720 2091 ⁷
753 2100 896 2156 Tunc
931 2112 1144 2174 apparet
1183 2113 1378 2175 quanta
1408 2099 1509 2165 sttj
1548 2111 1793 2173 quantum
1828 2099 2010 2155 valeat

305 2197 603 2273 polleatque
618 2238 631 2258 ‚
672 2211 785 2248 cum
806 2190 1124 2267 quidpoffit,
1143 2191 1368 2264 adversa
1392 2191 1660 2265 ostendunt.
1898 2187 1901 2192 ¹

397 2291 516 2344 Hoc
538 2287 588 2339 ἃ
612 2282 830 2340 Ovidius
853 2279 1137 2357 significasse
1160 2282 1385 2346 videtur,
1425 2300 1541 2336 cum
1565 2286 1663 2336 ait:
2029 2319 2083 2355 „e
2094 2322 2210 2357 Pom„

499 2481 524 2492 -
634 2476 658 2488 -
767 2469 791 2481 -
900 2439 1087 2498 Tendit
1125 2443 1181 2497 in
1219 2441 1388 2496 ardua
1422 2443 1622 2498 virtus.

393 2588 568 2645 Tanto
603 2591 738 2643 enim
773 2585 1107 2662 unusquiique
1150 2587 1217 2643 ad
1252 2593 1493 2644 virtutem
1525 2589 1692 2645 verius
1748 2579 2005 2658 profecisse

1188 2685 1236 2738 K
1954 2675 2005 2730 se
