2452 3208
381 195 458 290 γε
815 174 1638 285 ΕΜΒᾸΕΦΜΑΤΑ

381 347 451 399 Et
475 342 665 405 Seneca,
681 318 958 416 Trigicus:

562 457 720 524 Volat
756 464 1010 543 ambiguis
1043 461 1248 519 mobilis
1284 459 1390 516 alis

562 561 732 618 Hora.
807 592 827 603 -
906 593 926 603 -
999 593 1025 605 -
1107 589 1109 591 -

167 716 286 775 sfnm
460 689 707 749 Observat
728 708 907 747 autem
925 683 1262 760 Philosophus
1277 727 1290 747 ‚
1329 679 1603 756 Virgilium
1615 691 1731 732 cum
1754 673 1819 730 de
1831 673 2082 732 celeritate

169 764 331 815 ’ΨΜ
385 793 633 863 temporis
655 793 759 864 agit
773 824 792 844 2
826 790 1087 860 nunquam
1109 783 1209 838 alio
1221 777 1373 835 verbo
1387 781 1464 832 uti
1488 772 1835 850 quamfugit:

767 954 790 964 -
866 916 1029 990 Fugit
1051 908 1396 987 irreparabile
1433 916 1633 978 tempus

571 1012 786 1086 Optima
808 1029 1015 1087 quaeque
1040 1007 1153 1063 dies
1176 1002 1470 1075 misteranda
1493 997 1799 1057 mortalibus
1820 995 1953 1061 aevi,

568 1107 765 1162 Prima
774 1105 937 1181 fugit.
1011 1136 1032 1148 ·
1107 1135 1127 1145 —
1203 1133 1229 1147 ο
1641 1091 1647 1098 ’

314 1268 317 1269 ’
387 1244 467 1294 Ex
491 1236 672 1311 quibus
697 1235 800 1291 haec
835 1233 1035 1290 Lucilio
1067 1231 1173 1299 suo·
1194 1226 1431 1302 nobisque
1468 1240 1710 1300 ptaecepta
1744 1219 1923 1278 tradit:
1966 1218 2098 1287 Nifi

373 1347 718 1412 properamus
732 1376 745 1396 ,
787 1330 1167 1404 relinquimur:
1181 1325 1292 1399 agit
1317 1342 1409 1377 nos
1435 1364 1458 1386 ,
1497 1322 1771 1396 agiturque
1794 1315 1951 1372 velox
1963 1315 2091 1373 dies.

387 1427 672 1501 Nunquam
696 1423 838 1478 dixit
861 1423 1123 1498 Virgilius
1139 1464 1150 1483 ‚
1168 1419 1281 1474 dies
1293 1419 1401 1482 ire;
1415 1415 1519 1487 ssd
1549 1415 1607 1469 F
1611 1411 1893 1469 vGERE
1905 1455 1919 1474 ,
1960 1410 2099 1485 quod

390 1516 637 1578 currendi
651 1533 817 1590 genus
838 1509 1278 1580 concitatiffimum
1304 1508 1384 1579 est.
1423 1505 1567 1579 Qid
1593 1525 1714 1580 ergo
1740 1502 1984 1559 cessamus
1996 1521 2093 1559 nos

391 1612 486 1689 ipsi
511 1615 786 1669 concitare,
827 1620 886 1658 ut
907 1603 1231 1658 velocitatem
1255 1598 1567 1670 rapidiffimae
1592 1604 1662 1652 rei
1683 1598 1925 1671 poffimus
1937 1615 2097 1672 aequa-

394 1722 488 1760 re:
542 1699 750 1756 meliora
799 1692 1162 1770 praetetvolant.
1241 1692 1503 1762 Quoniam
1542 1695 1693 1765 igitur
1729 1707 1932 1765 tempus
1964 1689 2096 1745 adeo

402 1794 555 1852 velox
582 1792 666 1856 fit,
707 1807 765 1846 ut
788 1789 961 1863 paffim
987 1806 1105 1841 cum
1133 1784 1223 1839 alis
1249 1788 1585 1857 exprimatur:
1624 1790 1740 1838 anni
1764 1785 1814 1837 δι
1836 1783 1971 1838 horae
1994 1783 2099 1838 ala-

405 1903 471 1944 tae
494 1885 621 1950 sint,
657 1884 707 1937 &
734 1881 882 1936 instat
905 1884 1012 1934 avis
1039 1893 1244 1950 tempus
1267 1873 1615 1948 praetervolet,
1656 1873 1775 1949 quid
1798 1874 1976 1929 melius
2001 1873 2099 1929 dici

189 2007 351 2061 zfhffir,
402 1979 600 2059 potest,
640 1995 795 2050 quam
829 1971 971 2047 quod
1005 1970 1137 2025 dixit
1173 1967 1490 2042 Apostolus:
1528 1967 1863 2023 Redimentes
1885 1979 2108 2041 tempus,

407 2081 483 2132 Ea
505 2077 640 2129 enim
656 2069 849 2145 jastura
871 2069 940 2119 rei
980 2060 1259 2139 gravissima
1286 2059 1386 2122 est,
1428 2076 1536 2134 quae
1571 2057 1722 2113 semel
1755 2055 1926 2114 amissa
1958 2078 2098 2116 recu.

404 2169 567 2244 petati
588 2178 692 2218 non
714 2154 894 2232 potest.

197 2314 365 2354 offlam.
593 2289 711 2350 Nec
734 2303 843 2363 quae
851 2281 1124 2359 praeteriit
1137 2325 1150 2344 ,
1191 2280 1376 2350 rurfics
1399 2276 1735 2333 revocabitur
1755 2278 1893 2334 unda
1906 2314 1925 2337 2

196 2365 353 2489 ηἵξ·
669 2379 785 2439 Nec
807 2376 1227 2454 quapraeteriit‚
1272 2373 1400 2429 hora
1425 2372 1601 2428 redire
1611 2371 1792 2450 potest.

1010 2552 1493 2611 FINIS.
