2452 3208
719 165 1543 233 SELECTIORA.
1920 202 1984 251 17

1023 331 1026 334 ’
1074 357 1100 411 1
1136 356 1203 411 x.

736 497 1040 565 Mamur:
1092 501 1522 559 sussL1M1A.

433 671 558 728 Stas
596 671 651 726 in
676 674 944 746 praectpiti
958 718 971 738 ‚
1012 676 1102 749 qui
1126 677 1334 749 sceptro
1359 676 1606 732 inniteris
1617 694 1645 740 ,·
1679 677 1824 740 illinc

505 744 588 801 Ni
625 746 971 821 circumgestes
1007 749 1209 804 lumina
1246 749 1385 805 mille
1421 769 1559 818 rues:

386 903 484 950 Am
518 893 708 959 dudum
745 903 1045 970 experientia
1080 900 1460 970 comprobatum
1487 948 1497 961 ,
1538 920 1690 972 quam
1717 902 1888 958 verum
1912 899 1975 956 fit

280 896 382 1073 J
422 986 541 1041 illud
568 986 708 1060 quod
732 986 881 1043 habet
906 990 1086 1043 Seneca
1115 995 1163 1043 in
1192 992 1512 1066 Hippolyto:

577 1114 753 1169 Fraus
776 1115 989 1184 sttblimi
1025 1130 1210 1190 regnat
1247 1119 1303 1170 in
1342 1120 1473 1172 aula.

282 1242 419 1315 Saepe
444 1246 577 1296 enim
601 1241 830 1296 videmus
860 1287 872 1305 ,
916 1242 1180 1297 nonnullos
1217 1247 1499 1319 Principum
1536 1243 1703 1298 favore
1740 1247 1790 1299 &
1813 1250 1970 1320 grati-‚2

279 1353 343 1389 eo
370 1335 522 1407 usque
547 1335 814 1408 prove6³c03
835 1378 846 1398 ,
884 1352 943 1389 ut
979 1334 1065 1388 sibi
1092 1342 1259 1389 omnia
1296 1354 1405 1391 tuta
1434 1381 1445 1400 ‚
1489 1356 1576 1390 nec
1611 1342 1879 1410 quicquam
1918 1343 1969 1390 in

279 1435 421 1482 terris
448 1428 727 1482 timendum
751 1428 1069 1484 arbitrentur:
1107 1450 1223 1484 cum
1247 1436 1432 1485 interea
1458 1435 1508 1483 in
1532 1429 1728 1482 summo
1751 1429 1965 1505 dignita-

278 1528 345 1576 tis
368 1521 564 1596 fastigio
589 1521 864 1596 fulgenteS,
905 1539 1191 1595 arrogantes
1227 1543 1284 1577 ac
1318 1530 1465 1587 coeci,
1507 1541 1596 1576 nec
1621 1519 1706 1575 fibi
1729 1523 1845 1576 satis
1883 1540 1965 1575 ca-

278 1630 479 1676 venteS‚
520 1630 721 1686 repente
733 1613 795 1667 ad
821 1612 990 1666 infima
1013 1613 1231 1676 detrusi,
1268 1616 1359 1667 suo
1386 1614 1474 1686 ipsi
1500 1611 1729 1684 exemplo
1744 1611 1963 1675 discunt,

277 1707 398 1761 nihil
421 1724 524 1760 tam
539 1705 784 1761 excelsum
802 1749 815 1768 ‚
855 1691 983 1758 nihil
1000 1720 1103 1757 tam
1117 1703 1431 1759 fortunatum
1449 1749 1460 1767 ‚
1502 1703 1641 1775 quod
1667 1722 1768 1757 non
1781 1709 1962 1757 merito

273 1794 334 1849 sit
356 1792 743 1866 suspee'tandum.
818 1796 1018 1856 Etenim
1042 1809 1101 1845 ut
1115 1792 1303 1846 Coloffi
1320 1838 1332 1856 ‚
1367 1794 1450 1847 seu
1475 1792 1643 1851 statuae
1671 1790 1805 1844 mal&
1820 1791 1960 1844 libra-

271 1903 331 1940 tae
353 1884 523 1956 saepius
546 1881 918 1944 subvertuntur,
960 1886 1028 1935 ita
1053 1881 1104 1934 8(
1125 1887 1308 1937 nimius
1336 1882 1500 1936 honos
1534 1885 1714 1936 evertit
1739 1880 1955 1935 multos:

269 1977 320 2030 &
344 1992 402 2030 ut
428 1981 478 2029 in
509 1993 672 2028 rerum
709 1990 910 2036 natura,
950 1992 1058 2046 quae
1091 1973 1433 2047 spediatiffime
1457 1973 1664 2035 florent,
1706 1971 1957 2025 celerrime

264 2067 594 2130 marcescunt,
621 2083 678 2121 ut
702 2067 854 2131 rosae,
879 2066 978 2121 lilia
995 2111 1007 2130 ‚
1024 2067 1196 2131 violae,
1222 2076 1349 2120 'cum
1363 2066 1456 2120 alia
1468 2064 1673 2128 durent,
1715 2069 1783 2118 ita
1797 2070 1844 2118 in
1861 2065 1954 2119 ho-

265 2167 457 2216 minum
483 2166 614 2225 vita,
655 2180 761 2234 quae
785 2160 1122 2216 florentiffima
1157 2161 1270 2215 sunt
1294 2204 1305 2222 ‚
1346 2159 1570 2213 citiffime
1603 2173 1864 2215 vertuntur
1899 2164 1950 2213 in

264 2254 530 2311 diversum.

445 2379 611 2457 Qem
647 2380 759 2434 dies
794 2381 936 2436 vidit
974 2383 1188 2437 veniens
1212 2382 1486 2455 sttperbum
1501 2425 1514 2445 ‚

445 2468 600 2523 Hunc
636 2469 747 2524 dies
784 2471 924 2525 vidit
951 2475 1165 2547 fugiens
1180 2474 1461 2546 jacentem.

338 2597 639 2672 Exemplum
677 2596 860 2654 illustre
897 2598 1103 2674 praebuit
1140 2598 1395 2657 Belisarius
1416 2642 1428 2662 ,
1468 2594 1723 2670 quondam
1750 2600 1944 2669 imperii

1101 2691 1146 2744 C
1831 2687 1941 2761 glo-
