<?xml version="1.0" encoding="UTF-8"?>
<!DOCTYPE html PUBLIC "-//W3C//DTD XHTML 1.0 Transitional//EN"
    "http://www.w3.org/TR/xhtml1/DTD/xhtml1-transitional.dtd">
<html xmlns="http://www.w3.org/1999/xhtml" xml:lang="en" lang="en">
 <head>
  <title>
</title>
<meta http-equiv="Content-Type" content="text/html;charset=utf-8" />
  <meta name='ocr-system' content='tesseract 3.04.00' />
  <meta name='ocr-capabilities' content='ocr_page ocr_carea ocr_par ocr_line ocrx_word'/>
</head>
<body>
  <div class='ocr_page' id='page_1' title='image "./emblemataselecti00plaat_0047.png"; bbox 0 0 2452 3208; ppageno 0'>
   <div class='ocr_carea' id='block_1_1' title="bbox 636 132 1964 210">
    <p class='ocr_par' dir='ltr' id='par_1_1' title="bbox 636 132 1964 210">
     <span class='ocr_line' id='line_1_1' title="bbox 636 132 1964 210; baseline 0.005 -18"><span class='ocrx_word' id='word_1_1' title='bbox 636 132 1537 195; x_wconf 38' lang='lat' dir='ltr'><em>*SEDECTIORA</em></span> <span class='ocrx_word' id='word_1_2' title='bbox 1894 157 1964 210; x_wconf 77' lang='lat'>19</span> 
     </span>
    </p>
   </div>
   <div class='ocr_carea' id='block_1_2' title="bbox 384 394 1834 632">
    <p class='ocr_par' dir='ltr' id='par_1_2' title="bbox 384 394 1834 632">
     <span class='ocr_line' id='line_1_2' title="bbox 1082 394 1155 452; baseline 0.027 -2"><span class='ocrx_word' id='word_1_3' title='bbox 1082 394 1155 452; x_wconf 78' lang='lat' dir='ltr'>x:</span> 
     </span>
     <span class='ocr_line' id='line_1_3' title="bbox 384 571 1834 632; baseline 0.001 -4"><span class='ocrx_word' id='word_1_4' title='bbox 384 571 829 630; x_wconf 83' lang='lat' dir='ltr'>PLANIORA</span> <span class='ocrx_word' id='word_1_5' title='bbox 893 571 1125 627; x_wconf 86' lang='lat' dir='ltr'>SUNT</span> <span class='ocrx_word' id='word_1_6' title='bbox 1197 571 1834 632; x_wconf 87' lang='lat' dir='ltr'><strong>COMMODIORA.</strong></span> 
     </span>
    </p>
   </div>
   <div class='ocr_carea' id='block_1_3' title="bbox 417 750 1776 935">
    <p class='ocr_par' dir='ltr' id='par_1_3' title="bbox 417 750 1776 935">
     <span class='ocr_line' id='line_1_4' title="bbox 417 750 1776 825; baseline 0 -17"><span class='ocrx_word' id='word_1_7' title='bbox 417 751 508 809; x_wconf 84' lang='lat' dir='ltr'>Ne</span> <span class='ocrx_word' id='word_1_8' title='bbox 524 753 737 809; x_wconf 82' lang='lat' dir='ltr'>nimium</span> <span class='ocrx_word' id='word_1_9' title='bbox 750 750 1029 825; x_wconf 76' lang='lat' dir='ltr'>adstendas</span> <span class='ocrx_word' id='word_1_10' title='bbox 1042 769 1065 814; x_wconf 78' lang='lat'>,⁴</span> <span class='ocrx_word' id='word_1_11' title='bbox 1103 768 1198 808; x_wconf 81' lang='lat' dir='ltr'>non</span> <span class='ocrx_word' id='word_1_12' title='bbox 1219 753 1348 824; x_wconf 73' lang='lat' dir='ltr'>fiant</span> <span class='ocrx_word' id='word_1_13' title='bbox 1358 751 1604 825; x_wconf 68' lang='lat' dir='ltr'>stablimia</span> <span class='ocrx_word' id='word_1_14' title='bbox 1627 764 1744 810; x_wconf 85' lang='lat' dir='ltr'>tuta</span> <span class='ocrx_word' id='word_1_15' title='bbox 1759 775 1776 808; x_wconf 85' lang='lat'>.-</span> 
     </span>
     <span class='ocr_line' id='line_1_5' title="bbox 490 854 1597 935; baseline 0.007 -28"><span class='ocrx_word' id='word_1_16' title='bbox 490 856 622 932; x_wconf 67' lang='lat' dir='ltr'>Qae</span> <span class='ocrx_word' id='word_1_17' title='bbox 643 857 814 910; x_wconf 76' lang='lat' dir='ltr'>minus</span> <span class='ocrx_word' id='word_1_18' title='bbox 839 854 906 926; x_wconf 84' lang='lat' dir='ltr'>est</span> <span class='ocrx_word' id='word_1_19' title='bbox 920 868 1153 935; x_wconf 55' lang='lat' dir='ltr'>praeceps</span> <span class='ocrx_word' id='word_1_20' title='bbox 1178 859 1348 933; x_wconf 82' lang='lat' dir='ltr'>aptior</span> <span class='ocrx_word' id='word_1_21' title='bbox 1371 859 1466 914; x_wconf 71' lang='lat' dir='ltr'>illa</span> <span class='ocrx_word' id='word_1_22' title='bbox 1491 861 1597 915; x_wconf 78' lang='lat' dir='ltr'>via.</span> 
     </span>
    </p>
   </div>
   <div class='ocr_carea' id='block_1_4' title="bbox 273 1034 1985 2393">
    <p class='ocr_par' dir='ltr' id='par_1_4' title="bbox 341 1034 1959 1117">
     <span class='ocr_line' id='line_1_6' title="bbox 341 1034 1959 1117; baseline 0.001 -26"><span class='ocrx_word' id='word_1_23' title='bbox 341 1038 394 1091; x_wconf 90' lang='lat' dir='ltr'>N</span> <span class='ocrx_word' id='word_1_24' title='bbox 442 1055 493 1095; x_wconf 80' lang='lat' dir='ltr'>re</span> <span class='ocrx_word' id='word_1_25' title='bbox 543 1034 763 1117; x_wconf 72' lang='lat' dir='ltr'>qualibet</span> <span class='ocrx_word' id='word_1_26' title='bbox 802 1035 1123 1117; x_wconf 45' lang='lat' dir='ltr'>spectandum</span> <span class='ocrx_word' id='word_1_27' title='bbox 1185 1039 1376 1114; x_wconf 83' lang='lat' dir='ltr'><strong>semper</strong></span> <span class='ocrx_word' id='word_1_28' title='bbox 1438 1039 1559 1112; x_wconf 86' lang='lat' dir='ltr'>quid</span> <span class='ocrx_word' id='word_1_29' title='bbox 1609 1045 1737 1093; x_wconf 81' lang='lat' dir='ltr'>vires</span> <span class='ocrx_word' id='word_1_30' title='bbox 1789 1038 1959 1093; x_wconf 65' lang='lat' dir='ltr'>nostrae</span> 
     </span>
    </p>

    <p class='ocr_par' dir='ltr' id='par_1_5' title="bbox 273 1128 1985 2393">
     <span class='ocr_line' id='line_1_7' title="bbox 377 1128 1965 1208; baseline 0.002 -23"><span class='ocrx_word' id='word_1_31' title='bbox 377 1128 590 1205; x_wconf 83' lang='lat' dir='ltr'><strong>possunt.</strong></span> <span class='ocrx_word' id='word_1_32' title='bbox 664 1133 890 1188; x_wconf 86' lang='lat' dir='ltr'>Stultum</span> <span class='ocrx_word' id='word_1_33' title='bbox 927 1135 1001 1189; x_wconf 89' lang='lat' dir='ltr'>est</span> <span class='ocrx_word' id='word_1_34' title='bbox 1039 1151 1229 1189; x_wconf 81' lang='lat' dir='ltr'>tentare</span> <span class='ocrx_word' id='word_1_35' title='bbox 1256 1180 1268 1199; x_wconf 91' lang='lat'>‚</span> <span class='ocrx_word' id='word_1_36' title='bbox 1313 1135 1455 1208; x_wconf 89' lang='lat' dir='ltr'>quod</span> <span class='ocrx_word' id='word_1_37' title='bbox 1495 1131 1686 1189; x_wconf 82' lang='lat' dir='ltr'>efficere</span> <span class='ocrx_word' id='word_1_38' title='bbox 1725 1152 1965 1205; x_wconf 75' lang='lat' dir='ltr'>nequeas,</span> 
     </span>
     <span class='ocr_line' id='line_1_8' title="bbox 273 1218 1961 1298; baseline 0.001 -21"><span class='ocrx_word' id='word_1_39' title='bbox 273 1225 458 1278; x_wconf 85' lang='lat' dir='ltr'>Omnis</span> <span class='ocrx_word' id='word_1_40' title='bbox 494 1225 662 1289; x_wconf 56' lang='lat' dir='ltr'>anio,</span> <span class='ocrx_word' id='word_1_41' title='bbox 705 1231 869 1298; x_wconf 89' lang='lat' dir='ltr'>inquit</span> <span class='ocrx_word' id='word_1_42' title='bbox 892 1223 1115 1297; x_wconf 80' lang='lat' dir='ltr'>Cicero&#39;,</span> <span class='ocrx_word' id='word_1_43' title='bbox 1154 1245 1349 1280; x_wconf 83' lang='lat' dir='ltr'>vacare</span> <span class='ocrx_word' id='word_1_44' title='bbox 1387 1226 1532 1281; x_wconf 77' lang='lat' dir='ltr'>debet</span> <span class='ocrx_word' id='word_1_45' title='bbox 1571 1218 1868 1288; x_wconf 56' lang='lat' dir='ltr'>temeritate</span> <span class='ocrx_word' id='word_1_46' title='bbox 1905 1225 1961 1288; x_wconf 69' lang='grc' dir='ltr'>Εξί</span> 
     </span>
     <span class='ocr_line' id='line_1_9' title="bbox 274 1315 1985 1391; baseline 0.001 -21"><span class='ocrx_word' id='word_1_47' title='bbox 274 1316 615 1391; x_wconf 84' lang='lat' dir='ltr'><em>negligentia:</em></span> <span class='ocrx_word' id='word_1_48' title='bbox 653 1324 962 1380; x_wconf 83' lang='lat' dir='ltr'>temeritate,</span> <span class='ocrx_word' id='word_1_49' title='bbox 1004 1336 1067 1372; x_wconf 91' lang='lat' dir='ltr'>ne</span> <span class='ocrx_word' id='word_1_50' title='bbox 1105 1325 1373 1391; x_wconf 86' lang='lat' dir='ltr'>quicquam</span> <span class='ocrx_word' id='word_1_51' title='bbox 1409 1318 1499 1372; x_wconf 86' lang='lat' dir='ltr'>tibi</span> <span class='ocrx_word' id='word_1_52' title='bbox 1535 1315 1780 1380; x_wconf 76' lang='lat' dir='ltr'>assumas,</span> <span class='ocrx_word' id='word_1_53' title='bbox 1824 1316 1985 1389; x_wconf 67' lang='lat' dir='ltr'>quod·</span> 
     </span>
     <span class='ocr_line' id='line_1_10' title="bbox 273 1408 1965 1486; baseline 0.001 -23"><span class='ocrx_word' id='word_1_54' title='bbox 273 1408 558 1464; x_wconf 88' lang='lat' dir='ltr'>facultatem</span> <span class='ocrx_word' id='word_1_55' title='bbox 596 1412 646 1465; x_wconf 88' lang='lat'>&amp;</span> <span class='ocrx_word' id='word_1_56' title='bbox 682 1410 1026 1466; x_wconf 89' lang='lat' dir='ltr'>conditionem</span> <span class='ocrx_word' id='word_1_57' title='bbox 1063 1428 1202 1465; x_wconf 83' lang='lat' dir='ltr'>tuam</span> <span class='ocrx_word' id='word_1_58' title='bbox 1241 1410 1474 1467; x_wconf 87' lang='lat' dir='ltr'>excedit:</span> <span class='ocrx_word' id='word_1_59' title='bbox 1507 1411 1824 1486; x_wconf 74' lang='lat' dir='ltr'>‚negligentia</span> <span class='ocrx_word' id='word_1_60' title='bbox 1848 1454 1862 1474; x_wconf 93' lang='lat'>,</span> <span class='ocrx_word' id='word_1_61' title='bbox 1902 1428 1965 1465; x_wconf 88' lang='lat' dir='ltr'>ne</span> 
     </span>
     <span class='ocr_line' id='line_1_11' title="bbox 273 1498 1962 1576; baseline 0 -22"><span class='ocrx_word' id='word_1_62' title='bbox 273 1499 335 1554; x_wconf 90' lang='lat' dir='ltr'>ab</span> <span class='ocrx_word' id='word_1_63' title='bbox 374 1519 524 1574; x_wconf 89' lang='lat' dir='ltr'>opere</span> <span class='ocrx_word' id='word_1_64' title='bbox 563 1498 614 1554; x_wconf 74' lang='grc' dir='ltr'>ὃ(</span> <span class='ocrx_word' id='word_1_65' title='bbox 650 1500 816 1555; x_wconf 89' lang='lat' dir='ltr'>labore</span> <span class='ocrx_word' id='word_1_66' title='bbox 854 1498 1056 1554; x_wconf 77' lang='lat' dir='ltr'>desistas</span> <span class='ocrx_word' id='word_1_67' title='bbox 1079 1532 1093 1556; x_wconf 70' lang='lat'><em>2</em></span> <span class='ocrx_word' id='word_1_68' title='bbox 1130 1501 1214 1556; x_wconf 90' lang='lat' dir='ltr'>sed</span> <span class='ocrx_word' id='word_1_69' title='bbox 1251 1501 1436 1556; x_wconf 84' lang='lat' dir='ltr'>affidue</span> <span class='ocrx_word' id='word_1_70' title='bbox 1473 1500 1869 1576; x_wconf 81' lang='lat' dir='ltr'>progrediendO,</span> <span class='ocrx_word' id='word_1_71' title='bbox 1910 1500 1962 1554; x_wconf 73' lang='grc' dir='ltr'>δε</span> 
     </span>
     <span class='ocr_line' id='line_1_12' title="bbox 275 1593 1963 1666; baseline -0.001 -20"><span class='ocrx_word' id='word_1_72' title='bbox 275 1593 674 1648; x_wconf 88' lang='lat' dir='ltr'>commodiorem</span> <span class='ocrx_word' id='word_1_73' title='bbox 709 1600 844 1649; x_wconf 88' lang='lat' dir='ltr'>viam</span> <span class='ocrx_word' id='word_1_74' title='bbox 882 1593 1136 1666; x_wconf 90' lang='lat' dir='ltr'>sequendo</span> <span class='ocrx_word' id='word_1_75' title='bbox 1165 1638 1177 1657; x_wconf 93' lang='lat'><strong>,</strong></span> <span class='ocrx_word' id='word_1_76' title='bbox 1217 1594 1281 1648; x_wconf 88' lang='lat' dir='ltr'>ad</span> <span class='ocrx_word' id='word_1_77' title='bbox 1318 1611 1505 1649; x_wconf 84' lang='lat' dir='ltr'>metam</span> <span class='ocrx_word' id='word_1_78' title='bbox 1542 1593 1733 1648; x_wconf 60' lang='lat' dir='ltr'>tendas</span> <span class='ocrx_word' id='word_1_79' title='bbox 1809 1596 1963 1645; x_wconf 87' lang='lat' dir='ltr'>Mon-</span> 
     </span>
     <span class='ocr_line' id='line_1_13' title="bbox 275 1682 1965 1758; baseline -0.002 -18"><span class='ocrx_word' id='word_1_80' title='bbox 275 1702 382 1740; x_wconf 87' lang='lat' dir='ltr'>tem</span> <span class='ocrx_word' id='word_1_81' title='bbox 405 1686 519 1739; x_wconf 91' lang='lat' dir='ltr'>licet</span> <span class='ocrx_word' id='word_1_82' title='bbox 538 1684 824 1739; x_wconf 87' lang='lat' dir='ltr'>altisfimum</span> <span class='ocrx_word' id='word_1_83' title='bbox 847 1684 1170 1747; x_wconf 77' lang='lat' dir='ltr'>conscende3‚</span> <span class='ocrx_word' id='word_1_84' title='bbox 1214 1683 1251 1738; x_wconf 87' lang='lat' dir='ltr'>fi</span> <span class='ocrx_word' id='word_1_85' title='bbox 1290 1685 1562 1758; x_wconf 85' lang='lat' dir='ltr'>prudenter</span> <span class='ocrx_word' id='word_1_86' title='bbox 1585 1682 1811 1758; x_wconf 82' lang='lat' dir='ltr'>agendO,</span> <span class='ocrx_word' id='word_1_87' title='bbox 1851 1701 1965 1737; x_wconf 87' lang='lat' dir='ltr'>eam</span> 
     </span>
     <span class='ocr_line' id='line_1_14' title="bbox 274 1775 1965 1850; baseline -0.001 -20"><span class='ocrx_word' id='word_1_88' title='bbox 274 1777 452 1833; x_wconf 86' lang='lat' dir='ltr'>infistis</span> <span class='ocrx_word' id='word_1_89' title='bbox 489 1779 650 1839; x_wconf 73' lang='lat' dir='ltr'>viam,</span> <span class='ocrx_word' id='word_1_90' title='bbox 691 1795 802 1848; x_wconf 85' lang='lat' dir='ltr'>quae</span> <span class='ocrx_word' id='word_1_91' title='bbox 841 1782 1008 1830; x_wconf 86' lang='lat' dir='ltr'>minus</span> <span class='ocrx_word' id='word_1_92' title='bbox 1044 1793 1262 1850; x_wconf 88' lang='lat' dir='ltr'>praeceps</span> <span class='ocrx_word' id='word_1_93' title='bbox 1288 1821 1301 1840; x_wconf 88' lang='lat'><strong>‚</strong></span> <span class='ocrx_word' id='word_1_94' title='bbox 1357 1784 1524 1831; x_wconf 89' lang='lat' dir='ltr'>minus</span> <span class='ocrx_word' id='word_1_95' title='bbox 1562 1794 1768 1848; x_wconf 89' lang='lat' dir='ltr'>quoque</span> <span class='ocrx_word' id='word_1_96' title='bbox 1805 1775 1965 1829; x_wconf 70' lang='lat' dir='ltr'>mole-</span> 
     </span>
     <span class='ocr_line' id='line_1_15' title="bbox 276 1860 1964 1945; baseline 0.001 -28"><span class='ocrx_word' id='word_1_97' title='bbox 276 1860 349 1917; x_wconf 84' lang='lat' dir='ltr'>sta</span> <span class='ocrx_word' id='word_1_98' title='bbox 392 1865 442 1918; x_wconf 88' lang='lat'>&amp;</span> <span class='ocrx_word' id='word_1_99' title='bbox 479 1865 750 1945; x_wconf 75' lang='lat' dir='ltr'>periculosa</span> <span class='ocrx_word' id='word_1_100' title='bbox 776 1863 864 1922; x_wconf 81' lang='lat' dir='ltr'>fit:</span> <span class='ocrx_word' id='word_1_101' title='bbox 903 1884 1018 1919; x_wconf 88' lang='lat' dir='ltr'>cum</span> <span class='ocrx_word' id='word_1_102' title='bbox 1043 1881 1215 1920; x_wconf 85' lang='lat' dir='ltr'>contra</span> <span class='ocrx_word' id='word_1_103' title='bbox 1239 1865 1417 1931; x_wconf 85' lang='lat' dir='ltr'>ardua,</span> <span class='ocrx_word' id='word_1_104' title='bbox 1458 1873 1630 1940; x_wconf 82' lang='lat' dir='ltr'>ignota</span> <span class='ocrx_word' id='word_1_105' title='bbox 1653 1882 1803 1937; x_wconf 85' lang='lat' dir='ltr'>atque</span> <span class='ocrx_word' id='word_1_106' title='bbox 1827 1865 1964 1938; x_wconf 86' lang='lat' dir='ltr'>aspe-</span> 
     </span>
     <span class='ocr_line' id='line_1_16' title="bbox 276 1958 1965 2033; baseline 0.001 -23"><span class='ocrx_word' id='word_1_107' title='bbox 276 1975 328 2010; x_wconf 86' lang='lat' dir='ltr'>ta</span> <span class='ocrx_word' id='word_1_108' title='bbox 366 1958 587 2030; x_wconf 88' lang='lat' dir='ltr'>petendo</span> <span class='ocrx_word' id='word_1_109' title='bbox 613 1995 628 2015; x_wconf 80' lang='grc'><strong>.</strong></span> <span class='ocrx_word' id='word_1_110' title='bbox 666 1978 767 2014; x_wconf 90' lang='lat' dir='ltr'>non</span> <span class='ocrx_word' id='word_1_111' title='bbox 804 1975 1001 2013; x_wconf 87' lang='lat' dir='ltr'>tantum</span> <span class='ocrx_word' id='word_1_112' title='bbox 1040 1958 1163 2013; x_wconf 89' lang='lat' dir='ltr'><strong>nihil</strong></span> <span class='ocrx_word' id='word_1_113' title='bbox 1200 1959 1400 2033; x_wconf 88' lang='lat' dir='ltr'>proficis</span> <span class='ocrx_word' id='word_1_114' title='bbox 1425 1995 1439 2016; x_wconf 86' lang='lat'>‚</span> <span class='ocrx_word' id='word_1_115' title='bbox 1488 1959 1571 2014; x_wconf 89' lang='lat' dir='ltr'>sed</span> <span class='ocrx_word' id='word_1_116' title='bbox 1612 1961 1661 2012; x_wconf 88' lang='lat'>&amp;</span> <span class='ocrx_word' id='word_1_117' title='bbox 1696 1959 1820 2031; x_wconf 86' lang='lat' dir='ltr'>saepe</span> <span class='ocrx_word' id='word_1_118' title='bbox 1857 1977 1965 2013; x_wconf 84' lang='lat' dir='ltr'>ma-</span> 
     </span>
     <span class='ocr_line' id='line_1_17' title="bbox 276 2046 1963 2122; baseline 0.001 -23"><span class='ocrx_word' id='word_1_119' title='bbox 276 2051 388 2119; x_wconf 84' lang='lat' dir='ltr'>gnis</span> <span class='ocrx_word' id='word_1_120' title='bbox 425 2046 636 2119; x_wconf 82' lang='lat' dir='ltr'>paffibus</span> <span class='ocrx_word' id='word_1_121' title='bbox 680 2054 731 2102; x_wconf 90' lang='lat' dir='ltr'>in</span> <span class='ocrx_word' id='word_1_122' title='bbox 768 2054 1090 2121; x_wconf 85' lang='lat' dir='ltr'>praecipitium</span> <span class='ocrx_word' id='word_1_123' title='bbox 1128 2054 1245 2104; x_wconf 74' lang='lat' dir='ltr'>ruis,</span> <span class='ocrx_word' id='word_1_124' title='bbox 1320 2049 1474 2104; x_wconf 57' lang='lat' dir='ltr'>Recte</span> <span class='ocrx_word' id='word_1_125' title='bbox 1508 2053 1659 2122; x_wconf 84' lang='lat' dir='ltr'>igitur</span> <span class='ocrx_word' id='word_1_126' title='bbox 1686 2090 1699 2109; x_wconf 94' lang='lat'><strong>,</strong></span> <span class='ocrx_word' id='word_1_127' title='bbox 1739 2048 1963 2120; x_wconf 83' lang='lat' dir='ltr'>quisquis</span> 
     </span>
     <span class='ocr_line' id='line_1_18' title="bbox 273 2136 1962 2217; baseline 0.004 -27"><span class='ocrx_word' id='word_1_128' title='bbox 273 2136 380 2199; x_wconf 83' lang='lat' dir='ltr'>est,</span> <span class='ocrx_word' id='word_1_129' title='bbox 420 2136 584 2194; x_wconf 83' lang='lat' dir='ltr'>dixit:</span> <span class='ocrx_word' id='word_1_130' title='bbox 637 2139 846 2217; x_wconf 66' lang='lat' dir='ltr'>Quanto</span> <span class='ocrx_word' id='word_1_131' title='bbox 882 2141 1053 2214; x_wconf 83' lang='lat' dir='ltr'><em>majus</em></span> <span class='ocrx_word' id='word_1_132' title='bbox 1085 2140 1164 2208; x_wconf 77' lang='lat' dir='ltr'>stt</span> <span class='ocrx_word' id='word_1_133' title='bbox 1189 2183 1212 2205; x_wconf 80' lang='lat'><em>,</em></span> <span class='ocrx_word' id='word_1_134' title='bbox 1263 2141 1399 2215; x_wconf 77' lang='lat' dir='ltr'>quod</span> <span class='ocrx_word' id='word_1_135' title='bbox 1417 2141 1734 2212; x_wconf 74' lang='lat' dir='ltr'>,obversc&#39;ztur</span> <span class='ocrx_word' id='word_1_136' title='bbox 1754 2142 1962 2213; x_wconf 78' lang='lat' dir='ltr'>pericu·</span> 
     </span>
     <span class='ocr_line' id='line_1_19' title="bbox 280 2231 1960 2307; baseline 0.003 -24"><span class='ocrx_word' id='word_1_137' title='bbox 280 2231 418 2295; x_wconf 77' lang='lat' dir='ltr'>lum,</span> <span class='ocrx_word' id='word_1_138' title='bbox 456 2243 601 2286; x_wconf 85' lang='lat' dir='ltr'>tanto</span> <span class='ocrx_word' id='word_1_139' title='bbox 637 2233 803 2307; x_wconf 73' lang='lat' dir='ltr'>major</span> <span class='ocrx_word' id='word_1_140' title='bbox 839 2232 984 2287; x_wconf 84' lang='lat' dir='ltr'>debet</span> <span class='ocrx_word' id='word_1_141' title='bbox 1020 2237 1111 2302; x_wconf 83' lang='lat' dir='ltr'>effe</span> <span class='ocrx_word' id='word_1_142' title='bbox 1147 2233 1360 2290; x_wconf 79' lang='lat' dir='ltr'>cautela.</span> <span class='ocrx_word' id='word_1_143' title='bbox 1438 2236 1636 2301; x_wconf 82' lang='lat' dir='ltr'>Notum</span> <span class='ocrx_word' id='word_1_144' title='bbox 1674 2231 1793 2288; x_wconf 89' lang='lat' dir='ltr'>illud</span> <span class='ocrx_word' id='word_1_145' title='bbox 1829 2252 1960 2306; x_wconf 90' lang='lat' dir='ltr'>quo-</span> 
     </span>
     <span class='ocr_line' id='line_1_20' title="bbox 281 2323 618 2393; baseline 0.006 -18"><span class='ocrx_word' id='word_1_146' title='bbox 281 2339 381 2393; x_wconf 88' lang='lat' dir='ltr'>que</span> <span class='ocrx_word' id='word_1_147' title='bbox 404 2323 618 2378; x_wconf 88' lang='lat' dir='ltr'>Comici.</span> 
     </span>
    </p>
   </div>
   <div class='ocr_carea' id='block_1_5' title="bbox 462 2450 1957 2717">
    <p class='ocr_par' dir='ltr' id='par_1_6' title="bbox 462 2450 1957 2717">
     <span class='ocr_line' id='line_1_21' title="bbox 628 2450 1501 2524; baseline 0 -14"><span class='ocrx_word' id='word_1_148' title='bbox 628 2450 810 2519; x_wconf 60' lang='lat' dir='ltr'>A’yotobv</span> <span class='ocrx_word' id='word_1_149' title='bbox 830 2454 1019 2521; x_wconf 72' lang='grc' dir='ltr'>μέγιςον</span> <span class='ocrx_word' id='word_1_150' title='bbox 1040 2456 1064 2516; x_wconf 80' lang='grc' dir='ltr'><em>ἦ</em></span> <span class='ocrx_word' id='word_1_151' title='bbox 1083 2455 1298 2524; x_wconf 68' lang='grc' dir='ltr'>φρόνησις</span> <span class='ocrx_word' id='word_1_152' title='bbox 1319 2452 1387 2509; x_wconf 69' lang='grc' dir='ltr'>ἶς’</span> <span class='ocrx_word' id='word_1_153' title='bbox 1408 2454 1501 2510; x_wconf 68' lang='grc' dir='ltr'>αἰεί.</span> 
     </span>
     <span class='ocr_line' id='line_1_22' title="bbox 462 2543 1757 2623; baseline 0 -23"><span class='ocrx_word' id='word_1_154' title='bbox 462 2543 762 2602; x_wconf 81' lang='lat' dir='ltr'>Prudentia</span> <span class='ocrx_word' id='word_1_155' title='bbox 785 2548 960 2603; x_wconf 84' lang='lat' dir='ltr'>bonum</span> <span class='ocrx_word' id='word_1_156' title='bbox 969 2551 1175 2623; x_wconf 72' lang='lat' dir='ltr'>ftmper</span> <span class='ocrx_word' id='word_1_157' title='bbox 1199 2546 1266 2618; x_wconf 76' lang='lat' dir='ltr'>est</span> <span class='ocrx_word' id='word_1_158' title='bbox 1288 2565 1440 2623; x_wconf 79' lang='lat' dir='ltr'>quam</span> <span class='ocrx_word' id='word_1_159' title='bbox 1462 2546 1757 2602; x_wconf 77' lang='lat' dir='ltr'>maximum.</span> 
     </span>
     <span class='ocr_line' id='line_1_23' title="bbox 1115 2663 1957 2717; baseline -0.001 0"><span class='ocrx_word' id='word_1_160' title='bbox 1115 2663 1161 2717; x_wconf 91' lang='lat' dir='ltr'>C</span> <span class='ocrx_word' id='word_1_161' title='bbox 1204 2681 1234 2713; x_wconf 87' lang='lat'><em>2</em></span> <span class='ocrx_word' id='word_1_162' title='bbox 1852 2666 1957 2717; x_wconf 85' lang='lat' dir='ltr'>Au-</span> 
     </span>
    </p>
   </div>
  </div>
 </body>
</html>
