2452 3208
710 150 1534 233 JE‘zEc‘J-Jotezz
1915 196 1983 253 ³5

964 322 1025 419 ‘x
1063 365 1116 419 v
1153 369 1176 418 1
1212 369 1235 419 1
1273 370 1311 420 1.

375 501 628 565 OMNE
670 500 1029 563 NIMIUM
1080 498 1458 566 VERTITUR
1498 514 1588 568 ῐΝ
1622 515 1912 572 v1T1UM.

479 692 575 749 Cui
599 688 1011 764 tempestivus-sit
1036 690 1261 746 Phoebm
1285 697 1537 769 prospera
1562 700 1747 768 creſsit

550 784 793 848 tArbom
831 796 890 837 at
914 783 1198 839 immodicis
1221 783 1417 855 cestibus
1440 785 1545 858 usta
1567 789 1732 861 perit,

432 941 498 990 Es
524 950 696 989 natura
723 932 806 986 sua
829 938 1083 1007 optimaS,
1122 933 1211 988 nisi
1249 934 1432 989 modus
1468 935 1620 1002 adsit,
1665 939 1817 996 malas
1852 942 1984 1008 fieri,

467 1048 568 1084 non
605 1027 765 1082 solum
816 1032 974 1102 ratio?
1015 1025 1098 1080 sed
1136 1027 1186 1080 &
1225 1027 1340 1083 usus
1380 1028 1571 1087 docet:
1625 1032 1987 1105 Perniciostffi-

299 1143 435 1178 mum
473 1122 527 1173 in
577 1119 707 1173 omni
744 1117 945 1192 quidem
980 1117 1102 1171 vita
1128 1161 1141 1181 ,
1193 1124 1264 1172 ait
1302 1119 1489 1175 Plinius
1514 1157 1527 1177 ‚
1581 1123 1715 1198 quod
1757 1126 1982 1180 nimium.
2006 1146 2140 1185 Libat.-

299 1219 434 1270 Nam
467 1230 524 1267 ut
549 1211 778 1266 modicus
801 1212 934 1265 calor
956 1210 1155 1266 arbores
1178 1210 1349 1276 fovet,
1390 1219 1573 1270 nimius
1611 1234 1780 1272 autem
1820 1215 1985 1274 fervor

293 1306 490 1363 easdem
528 1321 700 1360 enecat
726 1348 738 1367 ‚
793 1309 862 1357 ita
910 1323 1117 1376 quoque
1169 1304 1399 1360 modicus
1438 1325 1601 1362 rerum
1638 1309 1757 1363 usus
1792 1317 1991 1367 animos

297 1396 582 1459 conservat,
621 1398 804 1449 nimius
841 1399 1128 1468 corrumpit.
1205 1398 1342 1448 Hinc
1376 1395 1514 1458 illud,
1537 1401 1793 1453 Ciceronis
1822 1407 1988 1474 primo

298 1487 362 1543 de
387 1484 613 1542 Officiis:
648 1483 1032 1540 §mediocritas
1056 1484 1130 1538 ad
1154 1503 1350 1540 ¹omnem
1386 1491 1552 1573 ufilmp
1596 1490 1886 1566 cultumque
1907 1495 1990 1547 vi-

299 1590 366 1630 tae
404 1573 676 1644 referenda
713 1572 808 1642 est:
847 1574 911 1627 In
949 1575 1178 1629 omnibus
1214 1576 1369 1630 rebus
1405 1579 1742 1634 mediocritas
1765 1580 1832 1651 est
1854 1583 1988 1654 opti-

299 1687 394 1723 ma.
471 1672 537 1721 Et
561 1671 612 1719 in
651 1671 876 1720 oratione
900 1665 963 1720 ad
988 1669 1224 1723 Brutum:
1263 1666 1428 1723 Nihil
1444 1671 1669 1742 reperiri
1691 1671 1856 1743 potest
1877 1685 1988 1728 tam

298 1761 576 1822 eximium,
614 1768 710 1811 aut
733 1769 842 1811 tam
865 1758 1234 1831 expetendum,
1271 1778 1426 1834 quam
1454 1762 1800 1819 mediocritas.
1849 1763 1987 1818 Pho-

293 1851 488 1927 >cylides
512 1865 720 1922 quoque
743 1847 896 1902 dixit:

706 1977 896 2029 Ποίντων
927 1977 1081 2047 μέτρον
1109 1975 1273 2048 cipis-ov.

553 2067 786 2127 (Modus
825 2072 880 2124 in
917 2089 978 2125 re
1015 2072 1246 2146 qualibet
1283 2074 1514 2148 optimus.

300 2206 366 2255 Et
392 2183 617 2274 Alpheus
643 2206 693 2254 in
718 2205 1116 2275 Epigrammate:

571 2367 573 2369 ·
647 2328 704 2381 Τό
746 2320 885 2397 μηὸἒν
908 2327 1011 2399 γοῖρ
1041 2324 1175 2395 οἴγειν
1191 2324 1251 2398 μὶ
1276 2330 1400 2403 τέμει.

477 2423 625 2486 Hae,
663 2423 856 2499 nequid
887 2425 1133 2489 nimium,
1172 2425 1329 2478 nimis
1366 2424 1493 2479 mihi
1517 2425 1708 2499 placet.

375 2555 576 2607 Etenim
598 2549 720 2606 nihii
746 2551 818 2605 est
841 2570 1002 2607 rerum
1027 2558 1255 2607 omnium
1270 2597 1282 2617 ,
1325 2558 1375 2607 in
1398 2573 1502 2627 quo
1519 2573 1618 2608 non
1633 2557 1818 2627 peccati
1832 2571 1985 2625 queat

298 2653 581 2713 nimietate,
622 2661 799 2723 praeter
822 2666 1045 2703 amorem
1070 2650 1195 2711 Dei,
1237 2646 1377 2719 quod
1400 2647 1509 2704 aliis
1544 2648 1704 2705 verbis
1729 2649 1911 2704 fatetur
1934 2649 1986 2703 &

1237 2735 1279 2787 E
1321 2753 1352 2786 2
1873 2738 1986 2790 Ari·
