2452 3208
778 82 1613 152 &ELECTIORA
2021 114 2067 164 ς,

1132 293 1157 341 Ι
1195 291 1217 341 Ι
1254 291 1290 342 1.

368 432 573 488 ADEO
603 431 655 487 A
692 427 995 484 TENERIS
1034 425 1472 482 ASSUESCERE
1524 427 1861 484 MULTUM
1900 422 2051 479 EST,

506 613 596 669 Sis
618 613 741 666 licet
764 613 916 684 usque
925 620 1116 682 potens
1137 618 1332 661 natura
1345 649 1367 671 ,
1406 623 1645 666 evertere
1667 627 1832 664 mores

588 707 901 780 Confitetudo
923 717 1046 762 tuas
1068 705 1142 778 ast
1167 706 1441 780 aliquando
1464 708 1634 766 valet.

363 881 723 1019 LYcurgus
749 883 817 940 ῖς,
859 881 947 948 qui
972 873 1522 952 Lacedaemoniisleges
1545 876 1797 940 condidit,
1837 892 1952 928 curn
1965 890 2051 925 co-

527 984 724 1022 naretur
747 972 881 1022 cives
903 966 1021 1021 suos
1047 966 1314 1021 &moribus
1337 968 1652 1042 praesentibus
1675 968 1740 1023 ad
1766 982 2051 1039 temperan-

360 1066 543 1115 tiorem
570 1055 771 1114 vivendi
809 1062 1054 1112 rationem
1093 1057 1348 1113 traducere
1375 1104 1386 1123 ,
1427 1058 1611 1132 eosque
1648 1065 1848 1115 virtutis
1886 1059 1936 1110 ὅ(
1961 1056 2052 1109 [ιο-

365 1153 489 1207 nesti
524 1150 770 1205 studiosos
807 1150 1010 1204 reddere
1049 1151 1189 1219 (nam
1227 1169 1366 1207 erant
1404 1159 1624 1227 corrupti
1663 1152 1879 1210 deliciis)
1919 1149 2050 1203 duos

363 1244 595 1299 educavit
619 1243 812 1296 catulos
838 1241 1020 1296 eodem
1056 1260 1197 1316 patre
1224 1244 1501 1317 eademque
1536 1261 1694 1298 matre
1727 1248 2046 1318 progenitos»,

359 1342 590 1411 quorum‘
602 1337 814 1390 alterum
838 1332 1003 1408 paffus
1026 1336 1099 1391 est
1110 1336 1250 1391 domi
1274 1336 1640 1392 delicatioribus
1655 1339 1780 1394 vesci
1794 1336 1938 1399 cibis,
1979 1337 2050 1390 aL-

362 1443 527 1481 terum
552 1423 795 1478 edu&um.
816 1425 1076 1480 venatibus
1099 1431 1333 1481 exercuit,
1409 1429 1540 1479 Dein
1577 1445 1697 1481 cum
1729 1423 1908 1478 ambos
1931 1442 2049 1498 pro-

361 1504 575 1571 duxisset
600 1519 650 1566 in
673 1511 838 1567 forum
856 1558 867 1576 ,
910 1512 1077 1586 posuit
1101 1513 1198 1567 illic
1221 1513 1382 1587 spinas
1401 1559 1423 1578 ‚K
1451 1513 1597 1570 simul
1620 1516 1669 1569 8<
1704 1514 1835 1569 escas
1857 1514 2048 1585 aliquas

357 1608 696 1662 delicatiores,
736 1624 857 1659 mox
881 1604 1043 1658 emifit
1068 1605 1317 1676 leporem:
1360 1627 1476 1660 cum
1502 1613 1651 1680 igitur
1674 1623 1884 1677 uterque
1907 1625 2049 1680 rape-

361 1717 496 1755 retur
518 1697 582 1751 ad
617 1694 830 1768 affuere„
872 1694 995 1747 alter
1031 1694 1097 1748 ad
1132 1696 1262 1748 escas
1292 1740 1304 1758 ,
1344 1695 1469 1750 alter
1505 1697 1730 1770 leporem
1769 1696 2056 1752 invaderetz.

363 1788 547 1844 Nonne
584 1784 812 1845 videtis,
852 1787 1015 1855 inquit
1045 1827 1058 1845 ‚
1098 1785 1246 1837 cives
1268 1826 1291 1847 ,
1333 1784 1456 1838 duos
1495 1787 1692 1839 catulos
1717 1830 1736 1848 ,Α
1770 1804 1880 1839 cum
1917 1787 2050 1857 ejus-

361 1882 473 1936 dem
507 1879 617 1949 stnt
646 1879 858 1954 generis
881 1920 911 1941 ,.
964 1889 1134 1931 tamen
1171 1877 1230 1931 ob
1279 1878 1542 1946 diverstzm
1579 1878 1920 1933 educationem
1957 1879 2047 1934 ad-

359 1970 555 2026 modum
591 1967 850 2038 diffi'miles
886 1969 1026 2023 inter
1050 1972 1162 2038 seft
1200 1968 1426 2036 evastffi’,
1453 1969 1671 2042 plusque
1707 1967 1780 2021 ad
1798 1967 2049 2039 honestum

359 2063 594 2118 momenti
644 2062 830 2116 habere
892 2063 1315 2117 exercitationem
1365 2080 1516 2135 quam
1566 2072 1822 2116 naturam.
1916 2064 2044 2116 Sunt

358 2161 446 2226 qui
485 2154 651 2207 dicant
688 2153 749 2207 ab
787 2154 876 2209 iilo
913 2154 1188 2228 produ&os
1227 2155 1449 2218 catulos,
1490 2173 1593 2208 non
1631 2154 1837 2226 quidem
1866 2175 1926 2209 ex
1964 2157 2052 2210 iis*

359 2247 478 2302 dem
503 2246 787 2319 parentibus
824 2265 1005 2311 natOS,
1044 2247 1126 2303 sed
1164 2269 1382 2322 quorum
1419 2249 1544 2304 alter
1579 2247 1702 2304 effet
1738 2270 1800 2304 ex
1839 2248 2059 2324 ignobili„

359 2360 540 2396 canum
564 2358 769 2414 genere,
812 2347 899 2413 qui
922 2342 1122 2396 aluntur
1145 2343 1208 2397 ad
1249 2343 1426 2398 aedium
1452 2343 1726 2398 custodiam
1754 2388 1766 2407 ‚
1817 2345 1940 2398 alter
1977 2363 2044 2399 ex

358 2435 438 2488 his
462 2440 549 2505 qui
577 2433 774 2486 aluntur
799 2431 863 2485 ad
889 2433 1185 2489 venandum.
1264 2436 1458 2490 Deinde
1497 2442 1583 2508 qui
1617 2452 1721 2490 erat
1757 2454 1819 2490 cx
1842 2438 2040 2510 ignobi-

357 2523 470 2582 liori
496 2546 672 2602 genere
696 2533 914 2584 exercuit
940 2529 1003 2585 ad
1030 2546 1268 2587 venatum
1285 2576 1297 2595 ,
1338 2532 1549 2590 alterum
1575 2538 1660 2606 qui
1685 2547 1789 2588 crat
1812 2549 1874 2586 ex
1908 2548 2038 2603 praeu

1155 2632 1204 2681 A
1245 2646 1275 2692 3.
1912 2624 2048 2695 stans-
