2452 3208
369 124 405 197 6
808 132 1628 202 EMBLEMATA

372 266 610 322 stantiore
647 278 824 343 genere
861 282 1061 322 tantum
1098 266 1288 323 deliciis
1324 274 1559 324 exercuit.
1634 271 1750 336 Jam
1789 283 1905 322 cum
1938 281 2071 325 uter.

376 379 476 433 que
498 359 704 416 ferretur
727 358 790 413 ad
816 378 873 413 ea
896 359 1078 432 quibus
1114 359 1424 427 assueverat,
1463 379 1618 437 atque
1659 362 1756 417 hoc
1793 363 1942 436 paeto
1989 380 2073 437 pa-

377 453 478 507 lam
504 453 737 507 omnibus
763 449 949 507 feciss‘et
976 457 1266 529 Lycurgus,
1307 471 1554 528 quantum
1581 456 1829 517 institutio
1856 456 2072 521 valeret,

378 562 490 599 *tum
517 546 581 600 ad
607 548 837 611 meliora,
880 564 991 602 tum
1015 547 1080 601 ad
1105 548 1379 610 deteriora,
1421 546 1575 603 dixit:
1617 547 1853 602 Proinde
1890 567 1949 604 ne
1988 568 2078 604 no-

380 634 461 686 bis
473 634 673 707 quidem
699 637 728 688 ὅ
751 637 897 690 cives
909 635 1153 690 nobilitas
1166 680 1179 699 ‚
1195 655 1347 711 quam
1359 638 1589 692 miratur
1601 637 1854 692 hominum
1867 639 2072 713 vulgus,

382 726 683 801 debilemque
697 727 762 781 ab
786 728 1013 784 Hercule
1028 747 1221 804 genus,
1248 732 1519 803 prefuerit
1535 729 1668 800 ,nist
1683 747 1744 784 ea
1758 730 2078 803 gefferimns,

366 835 471 896 per
483 839 592 895 quse
605 820 693 874 ille
705 821 1003 876 mortalium
1015 822 1234 877 omnium
1263 821 1568 892 clarzffi'mus
1592 842 1654 878 ac
1683 814 2078 897 generostfflmus

380 909 610 974 exstitit,
625 929 687 963 ac
697 921 802 982 per
825 925 1014 965 omnem
1040 912 1212 965 vitam
1236 929 1346 985 quae
1372 910 1570 980 honesta
1595 914 1726 982 fimt
1743 911 1796 969 ΕΘ*
1823 911 2078 981 discamus

381 1002 437 1059 {2⁶3
476 1020 819 1058 exerceamus.
895 1004 1101 1075 Repetit
1136 1008 1209 1057 vir
1247 1002 1530 1077 ingeniosus
1567 1007 1734 1065 viam,
1774 1021 1875 1075 qua
1902 1002 2074 1056 multi-

376 1091 539 1147 tudini
563 1091 1211 1166 philosophicisrationibus
1235 1111 1340 1147 non
1363 1093 1479 1147 satis
1504 1092 1717 1157 idoneae,
1733 1099 1934 1149 virtutis
1961 1099 2080 1148 ima-

377 1188 545 1258 ginem
574 1183 638 1236 ob
663 1182 838 1236 oculos
863 1200 1086 1256 ponerer.
1163 1183 1324 1256 Qlod
1351 1198 1522 1238 autem
1558 1183 1640 1237 ille
1675 1183 1794 1247 fecit
1819 1189 1869 1238 in
1907 1188 2080 1238 civita-

382 1295 433 1332 te
451 1322 463 1341 ,
503 1277 600 1331 hoc
623 1282 803 1349 cuique
827 1275 1168 1350 patrifamilias
1205 1282 1254 1329 in
1290 1275 1375 1329 sua
1401 1275 1559 1330 domo
1589 1320 1601 1339 ,
1641 1283 1822 1348 cuique
1847 1275 2077 1330 modera-

372 1376 484 1427 'tori
509 1375 560 1423 in
582 1369 671 1422 suo
695 1389 842 1444 grege
866 1369 1148 1425 faciendum
1184 1369 1274 1423 est.
1354 1371 1490 1423 Nam
1527 1388 1816 1442 quanquam
1851 1387 1931 1424 res
1975 1367 2080 1425 effi-

335 1520 338 1523 ,
372 1470 474 1519 'cax
499 1463 571 1519 est
595 1477 796 1525 natura,
835 1469 1098 1538 potentior
1132 1479 1302 1518 tamen
1339 1463 1411 1517 est
1438 1461 1686 1517 institutio
1698 1503 1721 1529 ,
1762 1482 1870 1537 quae
1894 1462 2079 1518 malam

367 1571 612 1613 ¹naturam
635 1557 838 1628 corrigit
862 1554 912 1608 &
938 1559 1090 1611 vertit
1113 1559 1165 1608 in
1186 1553 1391 1609 bonam.

1840 2539 1928 2594 lV.
1970 2537 2083 2592 REI
