2452 3208
680 154 1517 290 SELECTIQRQ
1874 227 1947 282 47

944 415 998 468 X
1034 415 1088 468 X
1124 413 1256 470 I1VJ

297 559 652 614 RELIGIO
702 557 1087 610 PUBLICAE
1136 555 1426 610 SALUTIS
1482 554 1902 610 PRAESIDIUM.

407 745 550 799 Gens
576 743 750 814 felix,
772 741 949 815 justos
989 741 1104 795 coelo
1143 758 1251 814 quae
1285 726 1443 808 solvit
1484 741 1719 804 honores,

481 833 704 891 Nititur
743 836 831 891 hoc
857 837 1037 906 fulcro
1063 836 1278 910 publica
1317 846 1435 886 tnta
1462 835 1629 904 salus.

422 995 633 1061 Uaeritur
671 995 797 1044 inter
822 989 1083 1062 politicos,
1123 1007 1186 1041 an
1215 987 1381 1059 aliqua
1406 984 1583 1040 debeat
1613 990 1660 1038 in
1696 984 1964 1057 Republica

460 1077 555 1133 effe
583 1079 818 1153 Religio?
856 1079 938 1132 seu
977 1097 1040 1130 an
1079 1077 1275 1150 Religio
1311 1080 1359 1132 ὅ(
1397 1077 1561 1131 cultus
1590 1080 1684 1129 Dei
1716 1092 1862 1129 tantae
1903 1075 1964 1129 sn:

265 1174 588 1236 neceffitati8‚
618 1189 676 1227 ut
689 1174 870 1246 absque
893 1193 948 1227 ea
963 1173 1170 1227 societas
1197 1173 1399 1246 politica
1427 1170 1686 1226 consistere
1715 1171 1968 1242 nequeat?

268 1272 573 1324 Communis
607 1273 836 1322 omnium
861 1267 1167 1341 populorum
1196 1267 1455 1321 consensus
1495 1273 1543 1320 in
1581 1263 1964 1319 affirmationem

266 1361 593 1434 conspiravit,
635 1365 703 1412 ita
729 1359 932 1430 quidem
972 1376 1029 1414 ut
1060 1360 1190 1412 nulla
1223 1376 1325 1411 tam
1363 1358 1568 1411 barbara.
1588 1363 1723 1409 natio
1752 1363 1963 1428 reperia-

269 1470 376 1516 tur,
417 1471 526 1525 quae
554 1471 654 1504 non
670 1456 836 1506 Deum
862 1453 1080 1524 aliquem
1116 1473 1173 1507 ac
1199 1439 1513 1526 Religionem
1539 1449 1786 1523 agnoscat.
1867 1449 1963 1502 Sed

270 1549 451 1616 reperti
477 1559 643 1595 tamen
667 1541 868 1597 fuerunt
894 1544 1047 1597 Atliei
1069 1589 1080 1606 ‚
1119 1550 1204 1615 qui
1232 1541 1588 1596 omnem0hanc
1612 1540 1674 1593 de
1702 1540 1963 1613 Religione

274 1638 530 1686 materiam
561 1649 755 1686 tantum
782 1653 873 1706 pro
900 1652 1191 1687 commento
1220 1634 1442 1687 humano
1467 1632 1745 1684 habuerunt
1774 1638 1822 1683 in
1848 1650 1965 1684 eum

272 1726 424 1780 finem
448 1745 476 1778 a
500 1724 900 1798 prudentioribus
928 1733 1214 1801 excogitato
1253 1772 1265 1790 ‚
1307 1743 1365 1780 ut
1389 1726 1563 1779 rudem
1581 1724 1967 1780 multitudinem

276 1834 416 1871 metu
444 1824 660 1872 numinis
686 1819 735 1871 &
753 1838 1010 1891 poenarum
1037 1819 1347 1872 infernalium
1376 1825 1424 1871 in
1451 1816 1617 1871 officio
1644 1825 1968 1873 continerent·

278 1911 450 1980 Qiam
490 1917 734 1985 imprimis
774 1913 1066 1967 sententiam
1094 1929 1382 1987 propugnat
1408 1917 1695 1975 Lucretius,
1740 1914 1789 1966 &
1817 1912 1966 1967 hodie

278 2023 454 2058 omnes
483 2006 548 2057 illi
576 2005 847 2070 seRantur‚
890 2025 1020 2078 quos
1047 2005 1465 2059 Machiavellistas
1489 2022 1685 2060 vocant.

286 2086 291 2090 ⁸
356 2099 475 2149 Haec
498 2097 763 2169 periculosa
793 2106 964 2172 opinio
993 2103 1234 2171 imprimis
1260 2117 1322 2151 ex
1345 2103 1513 2152 animo
1529 2099 1788 2155 hominum
1816 2109 1968 2156 extir-

281 2189 474 2264 panda:
515 2209 571 2243 ea
595 2197 727 2244 enim
754 2192 902 2246 semel
927 2189 1130 2246 admissa
1155 2198 1283 2265 perit
1309 2198 1473 2246 omnis
1499 2193 1707 2274 societas
1735 2193 1966 2258 humana,

282 2305 338 2338 ac
377 2283 632 2337 horrendis
672 2284 928 2339 sceleribus
957 2291 1110 2353 janua
1146 2292 1378 2360 aperitur.
1460 2290 1783 2360 Quapropter
1820 2294 1971 2342 etiam

285 2377 480 2434 Etlmici
508 2376 704 2432 Atheos
730 2378 793 2432 acl
820 2379 1009 2432 nullum
1025 2380 1325 2454 Reipublicae
1341 2400 1523 2434 munus
1547 2380 1892 2434 admittebant.

362 2472 634 2525 Necessitas
659 2488 828 2524 autem
868 2471 1141 2545 Religionis
1178 2478 1246 2525 ita
1282 2471 1670 2528 demonstratur:
1712 2474 1811 2524 Ubi
1838 2472 1970 2526 nulla

287 2569 484 2641 Religio
502 2611 513 2629 ‚
556 2565 619 2619 ibi
645 2565 775 2618 nulla
801 2563 953 2620 fides:
994 2567 1076 2619 ubi
1102 2567 1233 2621 nulla
1258 2566 1381 2621 fides
1398 2609 1420 2631 ,
1461 2568 1525 2621 ibi
1554 2568 1681 2620 nulla
1706 2565 1891 2619 foedera
1917 2567 1966 2618 &

287 2658 459 2731 paRa:
500 2655 584 2711 ubi
611 2655 742 2710 nulla
769 2654 952 2711 foedera
977 2658 1025 2711 8<
1049 2657 1190 2731 pa&a
1208 2701 1219 2721 ,
1260 2656 1325 2709 ibi
1351 2656 1480 2712 nulla
1508 2640 1807 2729 Respublica.
1847 2648 1970 2706 Pro-

1798 2745 1967 2808 batur,
