2452 3208
459 232 532 303 42
899 225 1720 287 EMBLEMATA

465 358 636 418 batur,
677 361 795 427 quia
821 362 991 410 omnia
1014 354 1202 411 foedera
1228 356 1278 410 ὃ(
1304 354 1445 430 pa6³ca
1472 352 1827 410 confirmantur
1855 358 2158 425 juramento,

437 454 812 515 ¹Juramentum
847 467 1024 513 autem
1058 449 1132 503 est
1178 446 1401 524 religiosa
1438 451 1691 502 invocatio
1728 450 1826 500 Dei
1854 490 1866 509 ,
1920 463 2158 519 tanquam
2224 449 2227 452 ’

462 539 674 596 vindicis
722 547 934 615 perjurii.
1013 546 1062 598 Si
1109 563 1231 618 ergo
1283 542 1415 596 nulla
1452 538 1573 595 esset
1613 539 1838 612 Religio,
1879 537 2072 593 nullum
2106 559 2162 594 e·

465 643 588 690 tiam
604 631 724 689 effet
738 642 1008 709 perjurium
1025 681 1036 700 ,
1056 635 1273 708 ideoque
1287 634 1454 688 liceret
1479 639 1681 705 impune
1705 628 1885 685 fallere.
1938 633 2162 689 Secunda

465 733 594 782 ratio
619 727 717 782 haec
744 728 830 782 est.
910 730 1049 799 Qia
1072 727 1196 802 saepe
1221 734 1270 782 in
1296 726 1567 801 Republica
1592 725 1716 779 tales
1736 722 1967 778 accidunt
1990 725 2129 781 casus
2145 770 2158 790 ‚

469 828 556 893 qui
596 841 693 875 non
731 821 820 877 nisi
864 822 1126 896 Religione
1160 819 1382 895 expediri
1421 815 1639 892 poffunt.
1715 815 1945 889 Exempli
1977 826 2161 893 gratia:

469 916 603 968 Cum
630 932 802 969 contra
823 914 1021 968 hostem
1047 914 1195 989 longe
1234 917 1574 987 potentiorem
1597 907 1669 962 est
1699 907 2051 983 pugnandum,
2092 908 2158 964 fic

466 1025 525 1062 ut
551 1009 683 1062 nulla
705 1009 814 1082 spes
838 1015 888 1063 in
927 1008 1156 1062 humanis
1190 1006 1375 1061 viribus
1412 1001 1617 1076 supersit
1644 1046 1656 1064 ‚
1699 1019 1810 1055 tum
1832 1022 1860 1055 a
1894 1001 1995 1056 sola
2022 1002 2158 1056 Reli-

467 1109 615 1177 gione
641 1102 916 1176 petendum
940 1102 1011 1156 est
1035 1101 1275 1156 auxilium
1292 1143 1304 1162 ‚
1344 1117 1403 1151 ac
1427 1096 1575 1150 militi
1588 1093 1983 1169 persuadendum
2000 1140 2013 1158 ‚
2055 1115 2157 1150 non

466 1198 517 1246 in
545 1193 865 1248 multitudine
886 1199 1131 1248 exercitus
1147 1235 1158 1254 ‚
1199 1190 1282 1244 sed
1306 1187 1369 1242 de
1394 1187 1524 1240 coelo
1549 1186 1810 1241 vi&oriam
1848 1183 1958 1241 esse.
2019 1189 2155 1240 Con-

462 1285 711 1341 cludimus
738 1305 856 1361 ergo
885 1285 1199 1359 Religionem
1225 1287 1276 1334 in
1303 1277 1576 1352 Republica
1611 1276 1832 1330 absolute
1871 1273 1968 1331 esse
1993 1277 2154 1332 neces-

464 1377 638 1432 sariam
654 1423 665 1442 ,
706 1399 763 1433 ac
783 1378 986 1452 publicae
1008 1376 1176 1432 salutis
1201 1378 1477 1428 maximum
1501 1368 1787 1445 praeficlium,

1826 2581 1999 2638 XXV.
2038 2580 2152 2632 AE-
