2452 3208
420 223 660 341 AD
786 230 2004 348 LECTOREM.

730 528 735 535 k
785 497 861 531 ,.
917 464 1024 524 On
1072 482 1232 550 ego,
1285 456 1433 527 ficut
1477 459 1811 534 Citharoedi
1863 490 2062 563 quon·

629 543 684 606 '⁸¹'
735 588 794 628 κν
819 560 879 657 ,J
961 568 1099 636 dam
1131 568 1253 635 suas
1271 568 1640 660 praelufiones
1667 575 1895 667 populo
1915 601 2065 645 cou-

838 755 844 763 x
882 671 896 689 X*
961 686 1172 752 fluenti
1201 681 1432 750 dabant.
1481 687 1771 755 Tibicines
1803 691 1852 759 τὶ
1886 705 2059 762 {vm-o·

432 975 436 978 ,
523 881 570 943 ἐἷ
605 980 608 983 ,
640 894 676 916 ⁵
962 907 1058 974 sici
1087 933 1223 976 ante
1254 933 1497 976 cantum
1525 917 1587 978 in
1617 912 1820 981 nabliis
1845 913 2056 1006 praelu·

350 989 493 1097 dio,
546 1043 613 1085 ut
652 1019 1004 1087 Theocritus
1033 1043 1244 1096 vocat,
1296 1029 1649 1104 διαδρόπτεῶαι
1675 1019 1962 1104 solebant,
2000 1048 2058 1092 te

354 1137 642 1197 LEcTo
669 1154 715 1197 R
765 1138 1212 1198 BENEvoLE
1258 1136 1319 1196 in
1347 1127 1863 1200 liminemorabor.
1918 1142 2052 1203 Hu-

348 1247 440 1323 jus
473 1245 694 1333 generis
734 1237 864 1305 libri
915 1263 1067 1332 quot
1117 1239 1235 1307 hoc
1281 1237 1486 1306 saeculo
1534 1239 1800 1330 prodiere
1819 1293 1837 1320 ,
1887 1249 2050 1327 juxta

348 1377 586 1420 mecum
613 1354 798 1434 nosti3
849 1376 1020 1420 tanto
1055 1351 1296 1446 quidem
1318 1363 1591 1446 gratiores
1613 1405 1631 1434 ‚
1683 1381 1909 1448 quanto
1943 1383 2049 1450 ap·

349 1472 519 1532 tiores
542 1464 614 1532 ad
652 1463 821 1531 usum
841 1473 977 1533 vitae
1000 1466 1375 1559 quotidianae.
1432 1473 1561 1533 Nec
1582 1473 1840 1551 mirum3
1894 1469 2050 1562 figu-

346 1601 422 1641 rae
455 1581 607 1665 typis
634 1579 896 1668 expreffae
923 1585 1167 1670 gratiam
1197 1578 1497 1670 quandam
1526 1579 1789 1657 addunt,
1842 1594 1901 1647 δε
1934 1580 2050 1650 fin·

343 1683 491 1778 gulae
520 1693 696 1750 unico
739 1675 1056 1752 momento
1087 1687 1504 1776 representant,
1555 1688 1723 1780 quod
1756 1697 1852 1756 vix
1892 1699 2044 1761 inte-

345 1824 454 1891 gro
483 1793 793 1864 volumine
822 1796 938 1862 dici
970 1798 1172 1887 posset.
1226 1802 1406 1864 Nova
1438 1823 1637 1867 autem
1661 1813 1721 1868 δε
1744 1826 1936 1869 vetera
1954 1805 2047 1873 hic

342 1908 614 2000 apposui,
664 1906 851 2001 quaefi
873 1906 1226 1999 compillaffe
1248 1933 1344 1973 me
1366 1908 1573 2004 aliquis
1604 1913 1837 1993 dixerit,
1891 1917 2041 1985 nihil

342 2019 514 2088 refert
534 2067 551 2095 ‚
602 2016 643 2082 fi
674 2016 860 2083 modo
880 2018 1038 2082 bona
1057 2014 1509 2107 compilaverim.
1564 2025 1688 2086 Nec
1716 2031 1873 2090 enim
1910 2051 2034 2093 ara-

341 2154 585 2196 nearum
615 2153 800 2198 textus
831 2132 966 2200 ideo
998 2130 1236 2209 melior,
1291 2139 1431 2224 quia
1464 2157 1531 2198 ex
1554 2133 1604 2198 se
1626 2133 1725 2199 fila
1742 2144 2031 2228 gignunt,

341 2267 449 2306 nec
479 2267 639 2311 meus
662 2269 906 2337 quoque
925 2243 1125 2320 vilior,
1181 2251 1317 2336 quia
1336 2272 1402 2310 ex
1420 2243 1540 2311 aliis
1555 2251 1731 2313 instar
1750 2256 1869 2339 apis
1892 2249 2029 2316 libo.

340 2358 692 2420 Bracsteatam
726 2381 864 2421 vero
884 2354 1278 2448 eloquentiam
1306 2368 1364 2422 &
1394 2355 1427 2422 ’ὲ
1441 2356 1596 2448 pelvi
1626 2356 1893 2450 fugorem
1913 2361 2036 2429 aliis

342 2461 646 2556 relinquo:
696 2463 975 2554 ampullas
1010 2490 1135 2530 non
1180 2463 1371 2531 fundo
1404 2517 1421 2544 ,
1474 2466 1632 2534 locos
1681 2470 2029 2537 Rhetoricos

341 2597 462 2638 non
482 2580 668 2641 tracto
680 2622 699 2652 ,
751 2599 1024 2643 numeros
1044 2602 1167 2643 non
1187 2574 1400 2659 sector,
1450 2580 1716 2674 denique
1719 2587 2029 2647 conciones

1234 2669 1279 2719 ³¹<
1329 2697 1363 2734 z
1406 2692 1414 2696 ’
1903 2697 2026 2738 non
