<?xml version="1.0" encoding="UTF-8"?>
<!DOCTYPE html PUBLIC "-//W3C//DTD XHTML 1.0 Transitional//EN"
    "http://www.w3.org/TR/xhtml1/DTD/xhtml1-transitional.dtd">
<html xmlns="http://www.w3.org/1999/xhtml" xml:lang="en" lang="en">
 <head>
  <title>
</title>
<meta http-equiv="Content-Type" content="text/html;charset=utf-8" />
  <meta name='ocr-system' content='tesseract 3.04.00' />
  <meta name='ocr-capabilities' content='ocr_page ocr_carea ocr_par ocr_line ocrx_word'/>
</head>
<body>
  <div class='ocr_page' id='page_1' title='image "./emblemataselecti00plaat_0131.png"; bbox 0 0 2452 3208; ppageno 0'>
   <div class='ocr_carea' id='block_1_1' title="bbox 721 207 1978 269">
    <p class='ocr_par' dir='ltr' id='par_1_1' title="bbox 721 207 1978 269">
     <span class='ocr_line' id='line_1_1' title="bbox 721 207 1978 269; baseline 0 -3"><span class='ocrx_word' id='word_1_1' title='bbox 721 207 1555 269; x_wconf 86' lang='lat' dir='ltr'><em>SELECTIORA.</em></span> <span class='ocrx_word' id='word_1_2' title='bbox 1914 218 1978 267; x_wconf 84' lang='lat'>61</span> 
     </span>
    </p>
   </div>
   <div class='ocr_carea' id='block_1_2' title="bbox 702 394 1604 580">
    <p class='ocr_par' dir='ltr' id='par_1_2' title="bbox 702 394 1604 580">
     <span class='ocr_line' id='line_1_2' title="bbox 994 394 1301 449; baseline -0.007 0"><span class='ocrx_word' id='word_1_3' title='bbox 994 396 1049 449; x_wconf 92' lang='lat' dir='ltr'>X</span> <span class='ocrx_word' id='word_1_4' title='bbox 1085 395 1138 448; x_wconf 93' lang='lat' dir='ltr'>X</span> <span class='ocrx_word' id='word_1_5' title='bbox 1174 394 1227 447; x_wconf 93' lang='lat' dir='ltr'>X</span> <span class='ocrx_word' id='word_1_6' title='bbox 1262 398 1301 448; x_wconf 87' lang='grc' dir='ltr'>Ι.</span> 
     </span>
     <span class='ocr_line' id='line_1_3' title="bbox 702 522 1604 580; baseline -0.006 0"><span class='ocrx_word' id='word_1_7' title='bbox 702 525 849 580; x_wconf 89' lang='lat' dir='ltr'>NIL</span> <span class='ocrx_word' id='word_1_8' title='bbox 900 524 1085 579; x_wconf 92' lang='lat' dir='ltr'>NON</span> <span class='ocrx_word' id='word_1_9' title='bbox 1136 522 1604 576; x_wconf 77' lang='lat' dir='ltr'><strong>DOMABILE.</strong></span> 
     </span>
    </p>
   </div>
   <div class='ocr_carea' id='block_1_3' title="bbox 410 702 1868 872">
    <p class='ocr_par' dir='ltr' id='par_1_3' title="bbox 410 702 1868 872">
     <span class='ocr_line' id='line_1_4' title="bbox 410 702 1868 781; baseline -0.005 -18"><span class='ocrx_word' id='word_1_10' title='bbox 410 710 527 764; x_wconf 76' lang='lat' dir='ltr'><em>Stet</em></span> <span class='ocrx_word' id='word_1_11' title='bbox 538 706 744 781; x_wconf 77' lang='lat' dir='ltr'>sonipes</span> <span class='ocrx_word' id='word_1_12' title='bbox 768 707 891 763; x_wconf 84' lang='lat' dir='ltr'><em>licet</em></span> <span class='ocrx_word' id='word_1_13' title='bbox 915 726 1000 762; x_wconf 87' lang='lat' dir='ltr'>ore</span> <span class='ocrx_word' id='word_1_14' title='bbox 1013 706 1179 775; x_wconf 72' lang='lat' dir='ltr'><em>ferox</em></span> <span class='ocrx_word' id='word_1_15' title='bbox 1194 750 1205 769; x_wconf 93' lang='lat'>,</span> <span class='ocrx_word' id='word_1_16' title='bbox 1249 702 1382 762; x_wconf 86' lang='lat' dir='ltr'><em>hunc</em></span> <span class='ocrx_word' id='word_1_17' title='bbox 1400 707 1574 774; x_wconf 60' lang='lat' dir='ltr'><em>fraena</em></span> <span class='ocrx_word' id='word_1_18' title='bbox 1601 707 1831 760; x_wconf 67' lang='lat' dir='ltr'><em>coercent</em></span> <span class='ocrx_word' id='word_1_19' title='bbox 1845 748 1868 768; x_wconf 36' lang='lat'>,0</span> 
     </span>
     <span class='ocr_line' id='line_1_5' title="bbox 484 798 1550 872; baseline 0.002 -18"><span class='ocrx_word' id='word_1_20' title='bbox 484 800 710 855; x_wconf 83' lang='lat' dir='ltr'><em>Currere</em></span> <span class='ocrx_word' id='word_1_21' title='bbox 747 811 1009 856; x_wconf 73' lang='lat' dir='ltr'><em>conantem</em></span> <span class='ocrx_word' id='word_1_22' title='bbox 1032 802 1203 870; x_wconf 82' lang='lat' dir='ltr'><em>saxea</em></span> <span class='ocrx_word' id='word_1_23' title='bbox 1224 798 1347 872; x_wconf 79' lang='lat' dir='ltr'>pila</span> <span class='ocrx_word' id='word_1_24' title='bbox 1383 810 1550 856; x_wconf 78' lang='lat' dir='ltr'>vetat.</span> 
     </span>
    </p>
   </div>
   <div class='ocr_carea' id='block_1_4' title="bbox 301 941 1999 1941">
    <p class='ocr_par' dir='ltr' id='par_1_4' title="bbox 301 941 1999 1941">
     <span class='ocr_line' id='line_1_6' title="bbox 417 941 1991 1018; baseline 0.001 -21"><span class='ocrx_word' id='word_1_25' title='bbox 417 948 568 1018; x_wconf 81' lang='lat' dir='ltr'>Qus</span> <span class='ocrx_word' id='word_1_26' title='bbox 590 944 704 999; x_wconf 88' lang='lat' dir='ltr'>licet</span> <span class='ocrx_word' id='word_1_27' title='bbox 726 943 1050 1001; x_wconf 85' lang='lat' dir='ltr'>ferocissimus</span> <span class='ocrx_word' id='word_1_28' title='bbox 1076 941 1216 998; x_wconf 87' lang='lat' dir='ltr'>facile</span> <span class='ocrx_word' id='word_1_29' title='bbox 1253 943 1514 1008; x_wconf 86' lang='lat' dir='ltr'>domatur,</span> <span class='ocrx_word' id='word_1_30' title='bbox 1556 942 1595 998; x_wconf 75' lang='lat' dir='ltr'>si</span> <span class='ocrx_word' id='word_1_31' title='bbox 1618 941 1678 999; x_wconf 85' lang='lat' dir='ltr'>fit</span> <span class='ocrx_word' id='word_1_32' title='bbox 1703 944 1991 1017; x_wconf 60' lang='lat' dir='ltr'>prudentia3</span> 
     </span>
     <span class='ocr_line' id='line_1_7' title="bbox 454 1027 1993 1109; baseline -0.002 -19"><span class='ocrx_word' id='word_1_33' title='bbox 454 1037 627 1109; x_wconf 88' lang='lat' dir='ltr'>quidni</span> <span class='ocrx_word' id='word_1_34' title='bbox 664 1034 855 1090; x_wconf 79' lang='lat' dir='ltr'>effrenae</span> <span class='ocrx_word' id='word_1_35' title='bbox 890 1033 1116 1089; x_wconf 87' lang='lat' dir='ltr'>libidines</span> <span class='ocrx_word' id='word_1_36' title='bbox 1154 1034 1204 1087; x_wconf 71' lang='lat'>8&lt;</span> <span class='ocrx_word' id='word_1_37' title='bbox 1241 1041 1399 1089; x_wconf 85' lang='lat' dir='ltr'>carnis</span> <span class='ocrx_word' id='word_1_38' title='bbox 1448 1027 1749 1108; x_wconf 87' lang='lat' dir='ltr'>cupiditates</span> <span class='ocrx_word' id='word_1_39' title='bbox 1798 1034 1993 1089; x_wconf 73' lang='lat' dir='ltr'>domari</span> 
     </span>
     <span class='ocr_line' id='line_1_8' title="bbox 301 1125 1996 1205; baseline -0.003 -21"><span class='ocrx_word' id='word_1_40' title='bbox 301 1129 500 1205; x_wconf 76' lang='lat' dir='ltr'>possent</span> <span class='ocrx_word' id='word_1_41' title='bbox 517 1175 528 1192; x_wconf 91' lang='lat'><strong>,</strong></span> <span class='ocrx_word' id='word_1_42' title='bbox 569 1129 679 1184; x_wconf 79' lang='lat' dir='ltr'>slsit</span> <span class='ocrx_word' id='word_1_43' title='bbox 693 1127 1234 1184; x_wconf 73' lang='lat' dir='ltr'>confilium2Arduum</span> <span class='ocrx_word' id='word_1_44' title='bbox 1261 1128 1422 1184; x_wconf 86' lang='lat' dir='ltr'>fateor</span> <span class='ocrx_word' id='word_1_45' title='bbox 1447 1128 1545 1183; x_wconf 90' lang='lat' dir='ltr'>hoc</span> <span class='ocrx_word' id='word_1_46' title='bbox 1570 1125 1665 1182; x_wconf 90' lang='lat' dir='ltr'>esse</span> <span class='ocrx_word' id='word_1_47' title='bbox 1679 1129 1816 1196; x_wconf 80' lang='lat' dir='ltr'>(nam</span> <span class='ocrx_word' id='word_1_48' title='bbox 1842 1145 1900 1180; x_wconf 88' lang='lat' dir='ltr'>ut</span> <span class='ocrx_word' id='word_1_49' title='bbox 1924 1132 1996 1180; x_wconf 84' lang='lat' dir='ltr'>ait</span> 
     </span>
     <span class='ocr_line' id='line_1_9' title="bbox 302 1219 1997 1298; baseline -0.002 -20"><span class='ocrx_word' id='word_1_50' title='bbox 302 1225 576 1278; x_wconf 86' lang='lat' dir='ltr'>Terentius</span> <span class='ocrx_word' id='word_1_51' title='bbox 592 1267 603 1285; x_wconf 88' lang='lat'>‚</span> <span class='ocrx_word' id='word_1_52' title='bbox 645 1223 900 1296; x_wconf 83' lang='lat' dir='ltr'>ingenium</span> <span class='ocrx_word' id='word_1_53' title='bbox 925 1220 992 1283; x_wconf 70' lang='lat' dir='ltr'>el}</span> <span class='ocrx_word' id='word_1_54' title='bbox 1017 1223 1232 1276; x_wconf 86' lang='lat' dir='ltr'><em>omnium</em></span> <span class='ocrx_word' id='word_1_55' title='bbox 1258 1224 1764 1298; x_wconf 38' lang='lat' dir='ltr'>hominnmvproclive</span> <span class='ocrx_word' id='word_1_56' title='bbox 1787 1219 1860 1274; x_wconf 84' lang='lat' dir='ltr'>ad</span> <span class='ocrx_word' id='word_1_57' title='bbox 1880 1219 1997 1274; x_wconf 78' lang='lat' dir='ltr'>libi-</span> 
     </span>
     <span class='ocr_line' id='line_1_10' title="bbox 301 1312 1997 1387; baseline -0.003 -17"><span class='ocrx_word' id='word_1_58' title='bbox 301 1316 492 1387; x_wconf 85' lang='lat' dir='ltr'>dinem)</span> <span class='ocrx_word' id='word_1_59' title='bbox 506 1334 607 1368; x_wconf 92' lang='lat' dir='ltr'>non</span> <span class='ocrx_word' id='word_1_60' title='bbox 630 1331 801 1369; x_wconf 88' lang='lat' dir='ltr'>tamen</span> <span class='ocrx_word' id='word_1_61' title='bbox 824 1314 951 1377; x_wconf 78' lang='lat' dir='ltr'>tale,</span> <span class='ocrx_word' id='word_1_62' title='bbox 968 1314 1121 1387; x_wconf 89' lang='lat' dir='ltr'>quod</span> <span class='ocrx_word' id='word_1_63' title='bbox 1137 1322 1346 1369; x_wconf 88' lang='lat' dir='ltr'>omnino</span> <span class='ocrx_word' id='word_1_64' title='bbox 1371 1314 1476 1369; x_wconf 90' lang='lat' dir='ltr'>fieri</span> <span class='ocrx_word' id='word_1_65' title='bbox 1509 1331 1748 1387; x_wconf 82' lang='lat' dir='ltr'>nequeat:</span> <span class='ocrx_word' id='word_1_66' title='bbox 1787 1312 1920 1366; x_wconf 86' lang='lat' dir='ltr'>unde</span> <span class='ocrx_word' id='word_1_67' title='bbox 1945 1313 1997 1365; x_wconf 81' lang='grc' dir='ltr'>ὃ(</span> 
     </span>
     <span class='ocr_line' id='line_1_11' title="bbox 303 1406 1998 1483; baseline -0.003 -21"><span class='ocrx_word' id='word_1_68' title='bbox 303 1408 425 1463; x_wconf 88' lang='lat' dir='ltr'>illud</span> <span class='ocrx_word' id='word_1_69' title='bbox 453 1408 731 1483; x_wconf 75' lang='lat' dir='ltr'>Augustini.</span> <span class='ocrx_word' id='word_1_70' title='bbox 808 1406 1009 1462; x_wconf 82' lang='lat' dir='ltr'><em>Nolunt</em></span> <span class='ocrx_word' id='word_1_71' title='bbox 1035 1408 1259 1462; x_wconf 84' lang='lat' dir='ltr'>homines</span> <span class='ocrx_word' id='word_1_72' title='bbox 1283 1412 1380 1477; x_wconf 79' lang='lat' dir='ltr'>effe</span> <span class='ocrx_word' id='word_1_73' title='bbox 1384 1420 1626 1482; x_wconf 81' lang='lat' dir='ltr'><em>potentes</em></span> <span class='ocrx_word' id='word_1_74' title='bbox 1650 1418 1831 1461; x_wconf 82' lang='lat' dir='ltr'><em>contra</em></span> <span class='ocrx_word' id='word_1_75' title='bbox 1854 1406 1998 1459; x_wconf 85' lang='lat' dir='ltr'>vitia</span> 
     </span>
     <span class='ocr_line' id='line_1_12' title="bbox 303 1499 1999 1574; baseline -0.002 -22"><span class='ocrx_word' id='word_1_76' title='bbox 303 1512 457 1574; x_wconf 85' lang='lat' dir='ltr'><em>atque</em></span> <span class='ocrx_word' id='word_1_77' title='bbox 482 1499 724 1553; x_wconf 69' lang='lat' dir='ltr'>libidines</span> <span class='ocrx_word' id='word_1_78' title='bbox 739 1543 751 1561; x_wconf 88' lang='lat'><strong>,</strong></span> <span class='ocrx_word' id='word_1_79' title='bbox 792 1518 851 1554; x_wconf 85' lang='lat' dir='ltr'>cu</span> <span class='ocrx_word' id='word_1_80' title='bbox 985 1517 1097 1553; x_wconf 90' lang='lat' dir='ltr'>men</span> <span class='ocrx_word' id='word_1_81' title='bbox 1110 1501 1271 1572; x_wconf 83' lang='lat' dir='ltr'><em>plane</em></span> <span class='ocrx_word' id='word_1_82' title='bbox 1296 1511 1491 1572; x_wconf 80' lang='lat' dir='ltr'>oportet</span> <span class='ocrx_word' id='word_1_83' title='bbox 1521 1541 1544 1562; x_wconf 75' lang='lat'><em>,</em></span> <span class='ocrx_word' id='word_1_84' title='bbox 1581 1510 1641 1552; x_wconf 81' lang='lat' dir='ltr'>nt</span> <span class='ocrx_word' id='word_1_85' title='bbox 1665 1499 1999 1572; x_wconf 80' lang='lat' dir='ltr'><em>unusquisqne</em></span> 
     </span>
     <span class='ocr_line' id='line_1_13' title="bbox 304 1591 1997 1666; baseline -0.002 -18"><span class='ocrx_word' id='word_1_86' title='bbox 304 1613 415 1649; x_wconf 78' lang='lat' dir='ltr'>eam</span> <span class='ocrx_word' id='word_1_87' title='bbox 428 1594 715 1666; x_wconf 83' lang='lat' dir='ltr'><em>potentiam</em></span> <span class='ocrx_word' id='word_1_88' title='bbox 752 1605 878 1664; x_wconf 81' lang='lat' dir='ltr'><em>appe</em></span> <span class='ocrx_word' id='word_1_89' title='bbox 903 1607 963 1646; x_wconf 85' lang='lat' dir='ltr'>at</span> <span class='ocrx_word' id='word_1_90' title='bbox 978 1606 1092 1655; x_wconf 74' lang='lat' dir='ltr'>:ut</span> <span class='ocrx_word' id='word_1_91' title='bbox 1107 1605 1295 1664; x_wconf 86' lang='lat' dir='ltr'><em>potens</em></span> <span class='ocrx_word' id='word_1_92' title='bbox 1326 1591 1393 1662; x_wconf 78' lang='lat' dir='ltr'>stt</span> <span class='ocrx_word' id='word_1_93' title='bbox 1419 1593 1474 1644; x_wconf 87' lang='lat' dir='ltr'>in</span> <span class='ocrx_word' id='word_1_94' title='bbox 1498 1595 1574 1661; x_wconf 85' lang='lat' dir='ltr'>se·</span> <span class='ocrx_word' id='word_1_95' title='bbox 1595 1593 1713 1664; x_wconf 80' lang='lat' dir='ltr'><em>ipso.</em></span> <span class='ocrx_word' id='word_1_96' title='bbox 1795 1593 1997 1644; x_wconf 74' lang='lat' dir='ltr'>Vitium</span> 
     </span>
     <span class='ocr_line' id='line_1_14' title="bbox 301 1679 1997 1753; baseline -0.002 -16"><span class='ocrx_word' id='word_1_97' title='bbox 301 1683 482 1737; x_wconf 84' lang='lat' dir='ltr'>scilicet</span> <span class='ocrx_word' id='word_1_98' title='bbox 502 1683 616 1737; x_wconf 87' lang='lat' dir='ltr'>satis</span> <span class='ocrx_word' id='word_1_99' title='bbox 642 1683 741 1746; x_wconf 90' lang='lat' dir='ltr'>est,</span> <span class='ocrx_word' id='word_1_100' title='bbox 785 1680 872 1735; x_wconf 81' lang='lat' dir='ltr'>nisi</span> <span class='ocrx_word' id='word_1_101' title='bbox 899 1680 1023 1749; x_wconf 77' lang='lat' dir='ltr'>desit</span> <span class='ocrx_word' id='word_1_102' title='bbox 1048 1682 1295 1736; x_wconf 85' lang='lat' dir='ltr'>voluntas.</span> <span class='ocrx_word' id='word_1_103' title='bbox 1377 1683 1497 1736; x_wconf 92' lang='lat' dir='ltr'>Non</span> <span class='ocrx_word' id='word_1_104' title='bbox 1531 1698 1698 1734; x_wconf 85' lang='lat' dir='ltr'>tamen</span> <span class='ocrx_word' id='word_1_105' title='bbox 1735 1679 1997 1753; x_wconf 86' lang='lat' dir='ltr'>quisquam</span> 
     </span>
     <span class='ocr_line' id='line_1_15' title="bbox 304 1774 1996 1849; baseline -0.003 -18"><span class='ocrx_word' id='word_1_106' title='bbox 304 1794 419 1831; x_wconf 88' lang='lat' dir='ltr'>vete</span> <span class='ocrx_word' id='word_1_107' title='bbox 444 1793 624 1848; x_wconf 85' lang='lat' dir='ltr'>potens</span> <span class='ocrx_word' id='word_1_108' title='bbox 648 1775 838 1830; x_wconf 84' lang='lat' dir='ltr'>dicetur</span> <span class='ocrx_word' id='word_1_109' title='bbox 854 1811 866 1830; x_wconf 84' lang='lat'>‚</span> <span class='ocrx_word' id='word_1_110' title='bbox 907 1774 940 1828; x_wconf 81' lang='lat' dir='ltr'>si</span> <span class='ocrx_word' id='word_1_111' title='bbox 966 1795 1068 1829; x_wconf 90' lang='lat' dir='ltr'>non</span> <span class='ocrx_word' id='word_1_112' title='bbox 1094 1775 1219 1829; x_wconf 83' lang='lat' dir='ltr'>hanc</span> <span class='ocrx_word' id='word_1_113' title='bbox 1233 1775 1368 1830; x_wconf 87' lang='lat' dir='ltr'>suam</span> <span class='ocrx_word' id='word_1_114' title='bbox 1383 1781 1666 1849; x_wconf 85' lang='lat' dir='ltr'>potentiam</span> <span class='ocrx_word' id='word_1_115' title='bbox 1692 1780 1742 1828; x_wconf 86' lang='lat' dir='ltr'>in</span> <span class='ocrx_word' id='word_1_116' title='bbox 1764 1774 1996 1847; x_wconf 84' lang='lat' dir='ltr'>semetip-</span> 
     </span>
     <span class='ocr_line' id='line_1_16' title="bbox 305 1865 1090 1941; baseline 0.001 -21"><span class='ocrx_word' id='word_1_117' title='bbox 305 1865 412 1920; x_wconf 89' lang='lat' dir='ltr'>sum</span> <span class='ocrx_word' id='word_1_118' title='bbox 451 1867 499 1919; x_wconf 80' lang='grc'>8(</span> <span class='ocrx_word' id='word_1_119' title='bbox 526 1886 618 1941; x_wconf 85' lang='lat' dir='ltr'>pro</span> <span class='ocrx_word' id='word_1_120' title='bbox 642 1865 689 1921; x_wconf 91' lang='lat' dir='ltr'>se</span> <span class='ocrx_word' id='word_1_121' title='bbox 717 1865 822 1940; x_wconf 87' lang='lat' dir='ltr'>ipso</span> <span class='ocrx_word' id='word_1_122' title='bbox 849 1883 1090 1921; x_wconf 83' lang='lat' dir='ltr'>exerceat.</span> 
     </span>
    </p>
   </div>
   <div class='ocr_carea' id='block_1_5' title="bbox 669 1993 1546 2150">
    <p class='ocr_par' dir='ltr' id='par_1_5' title="bbox 669 1993 1546 2150">
     <span class='ocr_line' id='line_1_17' title="bbox 674 1993 1462 2069; baseline 0.004 -24"><span class='ocrx_word' id='word_1_123' title='bbox 674 1993 783 2069; x_wconf 58' lang='lat' dir='ltr'>Qui</span> <span class='ocrx_word' id='word_1_124' title='bbox 809 1996 871 2062; x_wconf 70' lang='lat' dir='ltr'>ft·</span> <span class='ocrx_word' id='word_1_125' title='bbox 907 1995 1048 2048; x_wconf 84' lang='lat' dir='ltr'><em>volet</em></span> <span class='ocrx_word' id='word_1_126' title='bbox 1085 1998 1176 2062; x_wconf 79' lang='lat' dir='ltr'>effi&gt;</span> <span class='ocrx_word' id='word_1_127' title='bbox 1196 2005 1462 2066; x_wconf 80' lang='lat' dir='ltr'><em>potentem</em></span> 
     </span>
     <span class='ocr_line' id='line_1_18' title="bbox 669 2083 1546 2150; baseline -0.003 -11"><span class='ocrx_word' id='word_1_128' title='bbox 669 2083 951 2139; x_wconf 44' lang='lat' dir='ltr'>&amp;Animum</span> <span class='ocrx_word' id='word_1_129' title='bbox 988 2083 1153 2138; x_wconf 82' lang='lat' dir='ltr'><em>domet</em></span> <span class='ocrx_word' id='word_1_130' title='bbox 1190 2083 1279 2136; x_wconf 85' lang='lat' dir='ltr'>ille</span> <span class='ocrx_word' id='word_1_131' title='bbox 1304 2083 1546 2150; x_wconf 67' lang='lat' dir='ltr'><em>ferocem</em></span> 
     </span>
    </p>
   </div>
   <div class='ocr_carea' id='block_1_6' title="bbox 309 2206 2000 2826">
    <p class='ocr_par' dir='ltr' id='par_1_6' title="bbox 309 2206 2000 2746">
     <span class='ocr_line' id='line_1_19' title="bbox 312 2206 1999 2282; baseline -0.001 -17"><span class='ocrx_word' id='word_1_132' title='bbox 312 2211 493 2282; x_wconf 89' lang='lat' dir='ltr'>Neque</span> <span class='ocrx_word' id='word_1_133' title='bbox 515 2214 648 2262; x_wconf 85' lang='lat' dir='ltr'>enim</span> <span class='ocrx_word' id='word_1_134' title='bbox 672 2209 1026 2281; x_wconf 84' lang='lat' dir='ltr'>cupiditatibus</span> <span class='ocrx_word' id='word_1_135' title='bbox 1050 2210 1293 2264; x_wconf 85' lang='lat' dir='ltr'>moderari</span> <span class='ocrx_word' id='word_1_136' title='bbox 1321 2208 1393 2263; x_wconf 89' lang='lat' dir='ltr'>est</span> <span class='ocrx_word' id='word_1_137' title='bbox 1415 2208 1463 2263; x_wconf 90' lang='lat' dir='ltr'>se</span> <span class='ocrx_word' id='word_1_138' title='bbox 1482 2208 1675 2262; x_wconf 87' lang='lat' dir='ltr'>servum</span> <span class='ocrx_word' id='word_1_139' title='bbox 1715 2206 1899 2271; x_wconf 83' lang='lat' dir='ltr'>facere,</span> <span class='ocrx_word' id='word_1_140' title='bbox 1941 2224 1999 2263; x_wconf 86' lang='lat' dir='ltr'>ut</span> 
     </span>
     <span class='ocr_line' id='line_1_20' title="bbox 309 2299 1996 2374; baseline -0.001 -18"><span class='ocrx_word' id='word_1_141' title='bbox 309 2317 573 2356; x_wconf 84' lang='lat' dir='ltr'>autumant</span> <span class='ocrx_word' id='word_1_142' title='bbox 609 2300 704 2362; x_wconf 81' lang='lat' dir='ltr'>illi,</span> <span class='ocrx_word' id='word_1_143' title='bbox 744 2306 827 2374; x_wconf 86' lang='lat' dir='ltr'>qui</span> <span class='ocrx_word' id='word_1_144' title='bbox 875 2301 962 2357; x_wconf 76' lang='lat' dir='ltr'>nisi</span> <span class='ocrx_word' id='word_1_145' title='bbox 1001 2302 1140 2374; x_wconf 91' lang='lat' dir='ltr'>quod</span> <span class='ocrx_word' id='word_1_146' title='bbox 1179 2303 1338 2357; x_wconf 89' lang='lat' dir='ltr'>oculis</span> <span class='ocrx_word' id='word_1_147' title='bbox 1365 2346 1377 2364; x_wconf 94' lang='lat'>,</span> <span class='ocrx_word' id='word_1_148' title='bbox 1417 2300 1614 2355; x_wconf 83' lang='lat' dir='ltr'>auribus</span> <span class='ocrx_word' id='word_1_149' title='bbox 1649 2320 1706 2354; x_wconf 85' lang='lat' dir='ltr'>ac</span> <span class='ocrx_word' id='word_1_150' title='bbox 1743 2299 1996 2355; x_wconf 86' lang='lat' dir='ltr'>abdomini</span> 
     </span>
     <span class='ocr_line' id='line_1_21' title="bbox 310 2389 1994 2469; baseline -0.004 -22"><span class='ocrx_word' id='word_1_151' title='bbox 310 2391 620 2455; x_wconf 80' lang='lat' dir='ltr'>blandiatur,</span> <span class='ocrx_word' id='word_1_152' title='bbox 659 2398 708 2445; x_wconf 91' lang='lat' dir='ltr'>in</span> <span class='ocrx_word' id='word_1_153' title='bbox 733 2391 876 2447; x_wconf 89' lang='lat' dir='ltr'>bonis</span> <span class='ocrx_word' id='word_1_154' title='bbox 905 2393 1186 2449; x_wconf 86' lang='lat' dir='ltr'>habendum</span> <span class='ocrx_word' id='word_1_155' title='bbox 1211 2411 1391 2469; x_wconf 83' lang='lat' dir='ltr'>putant</span> <span class='ocrx_word' id='word_1_156' title='bbox 1418 2420 1432 2459; x_wconf 71' lang='grc' dir='ltr'><strong>ς</strong></span> <span class='ocrx_word' id='word_1_157' title='bbox 1483 2392 1567 2446; x_wconf 88' lang='lat' dir='ltr'>sed</span> <span class='ocrx_word' id='word_1_158' title='bbox 1592 2391 1734 2465; x_wconf 88' lang='lat' dir='ltr'>plane</span> <span class='ocrx_word' id='word_1_159' title='bbox 1759 2389 1964 2443; x_wconf 86' lang='lat' dir='ltr'>liberum</span> <span class='ocrx_word' id='word_1_160' title='bbox 1981 2435 1994 2454; x_wconf 89' lang='lat'>‚</span> 
     </span>
     <span class='ocr_line' id='line_1_22' title="bbox 311 2483 1998 2560; baseline -0.005 -20"><span class='ocrx_word' id='word_1_161' title='bbox 311 2483 555 2557; x_wconf 87' lang='lat' dir='ltr'>fiquidem</span> <span class='ocrx_word' id='word_1_162' title='bbox 581 2484 779 2537; x_wconf 83' lang='lat' dir='ltr'>libertas</span> <span class='ocrx_word' id='word_1_163' title='bbox 805 2485 877 2538; x_wconf 87' lang='lat' dir='ltr'>est</span> <span class='ocrx_word' id='word_1_164' title='bbox 900 2487 1124 2560; x_wconf 80' lang='lat' dir='ltr'>potestas</span> <span class='ocrx_word' id='word_1_165' title='bbox 1149 2485 1348 2542; x_wconf 84' lang='lat' dir='ltr'>vivendi</span> <span class='ocrx_word' id='word_1_166' title='bbox 1375 2503 1432 2540; x_wconf 88' lang='lat' dir='ltr'>ut</span> <span class='ocrx_word' id='word_1_167' title='bbox 1459 2486 1596 2540; x_wconf 86' lang='lat' dir='ltr'>velis.</span> <span class='ocrx_word' id='word_1_168' title='bbox 1672 2488 1718 2535; x_wconf 87' lang='lat' dir='ltr'>Is</span> <span class='ocrx_word' id='word_1_169' title='bbox 1741 2498 1910 2535; x_wconf 85' lang='lat' dir='ltr'>autem</span> <span class='ocrx_word' id='word_1_170' title='bbox 1927 2486 1998 2534; x_wconf 89' lang='lat' dir='ltr'>vi-</span> 
     </span>
     <span class='ocr_line' id='line_1_23' title="bbox 310 2573 2000 2655; baseline -0.005 -22"><span class='ocrx_word' id='word_1_171' title='bbox 310 2583 386 2633; x_wconf 87' lang='lat' dir='ltr'>vit</span> <span class='ocrx_word' id='word_1_172' title='bbox 409 2593 466 2631; x_wconf 89' lang='lat' dir='ltr'>ut</span> <span class='ocrx_word' id='word_1_173' title='bbox 490 2576 627 2640; x_wconf 86' lang='lat' dir='ltr'>vult,</span> <span class='ocrx_word' id='word_1_174' title='bbox 667 2583 752 2650; x_wconf 88' lang='lat' dir='ltr'>qui</span> <span class='ocrx_word' id='word_1_175' title='bbox 778 2579 908 2633; x_wconf 66' lang='lat' dir='ltr'>resta</span> <span class='ocrx_word' id='word_1_176' title='bbox 944 2579 1163 2652; x_wconf 86' lang='lat' dir='ltr'>sequitur</span> <span class='ocrx_word' id='word_1_177' title='bbox 1188 2623 1202 2643; x_wconf 85' lang='lat'><em>,</em></span> <span class='ocrx_word' id='word_1_178' title='bbox 1242 2584 1330 2651; x_wconf 86' lang='lat' dir='ltr'>qui</span> <span class='ocrx_word' id='word_1_179' title='bbox 1364 2578 1551 2655; x_wconf 82' lang='lat' dir='ltr'>gaudet</span> <span class='ocrx_word' id='word_1_180' title='bbox 1586 2573 1779 2637; x_wconf 86' lang='lat' dir='ltr'>officio,</span> <span class='ocrx_word' id='word_1_181' title='bbox 1819 2578 1896 2626; x_wconf 90' lang='lat' dir='ltr'>cui</span> <span class='ocrx_word' id='word_1_182' title='bbox 1923 2577 2000 2626; x_wconf 90' lang='lat' dir='ltr'>vi-</span> 
     </span>
     <span class='ocr_line' id='line_1_24' title="bbox 313 2664 1996 2746; baseline -0.004 -22"><span class='ocrx_word' id='word_1_183' title='bbox 313 2668 462 2724; x_wconf 83' lang='lat' dir='ltr'>vendi</span> <span class='ocrx_word' id='word_1_184' title='bbox 487 2675 567 2728; x_wconf 84' lang='lat' dir='ltr'>via</span> <span class='ocrx_word' id='word_1_185' title='bbox 591 2669 893 2727; x_wconf 77' lang='lat' dir='ltr'>considerata</span> <span class='ocrx_word' id='word_1_186' title='bbox 917 2688 1069 2745; x_wconf 85' lang='lat' dir='ltr'>atque</span> <span class='ocrx_word' id='word_1_187' title='bbox 1091 2669 1285 2746; x_wconf 86' lang='lat' dir='ltr'>provisa</span> <span class='ocrx_word' id='word_1_188' title='bbox 1306 2670 1408 2739; x_wconf 80' lang='lat' dir='ltr'>est3</span> <span class='ocrx_word' id='word_1_189' title='bbox 1446 2675 1534 2745; x_wconf 90' lang='lat' dir='ltr'>qui</span> <span class='ocrx_word' id='word_1_190' title='bbox 1562 2667 1752 2744; x_wconf 83' lang='lat' dir='ltr'>legibus</span> <span class='ocrx_word' id='word_1_191' title='bbox 1788 2664 1996 2740; x_wconf 88' lang='lat' dir='ltr'>quidem</span> 
     </span>
    </p>

    <p class='ocr_par' dir='ltr' id='par_1_7' title="bbox 1144 2763 1994 2826">
     <span class='ocr_line' id='line_1_25' title="bbox 1144 2763 1994 2826; baseline -0.007 -11"><span class='ocrx_word' id='word_1_192' title='bbox 1144 2763 1199 2815; x_wconf 86' lang='lat' dir='ltr'><em>H</em></span> <span class='ocrx_word' id='word_1_193' title='bbox 1242 2780 1267 2826; x_wconf 84' lang='lat'><strong>3</strong></span> <span class='ocrx_word' id='word_1_194' title='bbox 1892 2773 1994 2810; x_wconf 89' lang='lat' dir='ltr'>non</span> 
     </span>
    </p>
   </div>
  </div>
 </body>
</html>
